2708 4230
229 1513 286 1579 Eia
305 1535 371 1597 age,
392 1536 443 1580 eor
462 1522 610 1593 nestrum,
632 1517 716 1582 Deus
736 1524 784 1582 est
805 1516 858 1599 qui
878 1523 912 1581 ee
932 1522 1031 1592 vocat,
1052 1515 1169 1580 audini

240 1741 248 1755 ἱ
272 1664 385 1732 christi
405 1673 441 1730 tu
462 1666 613 1731 monitum
634 1666 761 1748 percipe,
784 1665 923 1731 Christus
943 1664 1050 1734 adest:

229 1821 332 1880 tecum
353 1815 418 1898 agit
438 1816 509 1898 Ipse
527 1814 663 1898 loquens,
688 1815 761 1879 ‘Dio
782 1837 800 1879 ο
820 1813 1000 1880 miserabilis
1022 1814 1092 1881 Orei

271 1963 405 2041 victima,
427 1965 520 2031 Mene
540 1987 607 2030 mea
627 1973 725 2030 morie
744 1963 920 2046 redemptus
941 1967 1046 2029 amasi

231 2116 288 2182 sub
307 2116 381 2200 iuga
399 2118 511 2183 missus
532 2139 605 2194 eras,
626 2116 730 2181 vineto
751 2115 809 2179 tibi
829 2114 930 2180 vinela
950 2115 1079 2194 resolvi3

271 2268 377 2333 sanavi
397 2268 516 2334 mediea
536 2267 663 2333 vulnera
683 2267 778 2332 cruda
798 2288 910 2331 manu:

229 2415 359 2492 errabas,
380 2415 444 2498 ngo
465 2424 497 2482 te
518 2437 665 2498 quaerens
686 2416 719 2478 in
740 2420 812 2480 tuta
831 2415 948 2491 reduxi,

270 2583 378 2628 caecus
398 2584 473 2641 eras,
495 2585 549 2646 per
569 2563 622 2628 Me
642 2585 704 2626 nox
724 2570 781 2626 tua
801 2563 884 2628 faeta
906 2563 978 2628 dies.

231 2721 442 2780 maternumne
461 2721 564 2797 potest
584 2714 737 2780 dediscere
756 2719 854 2777 mater
874 2715 1028 2776 amorem?

271 2885 311 2927 an
331 2884 446 2929 mernor
465 2862 540 2927 haee
561 2861 674 2926 subolis
694 2860 815 2925 desinet
835 2880 900 2925 esse
920 2862 1015 2924 suae?

230 3011 346 3076 seilicet
366 3018 414 3076 est
434 3011 536 3075 animo
555 3010 718 3093 genetricis
738 3017 775 3074 ut
796 3008 918 3075 excidet
937 3008 1047 3084 infans,

268 3166 303 3223 at
323 3181 490 3240 numquam
510 3165 615 3240 potero
635 3181 698 3223 non
717 3178 832 3222 memor
850 3177 914 3222 esse
935 3156 991 3221 tui.

230 3305 311 3373 idem
331 3330 415 3372 amor
435 3308 468 3372 in
489 3308 587 3374 Nobis
607 3329 742 3390 semper:
764 3307 837 3373 lieet
857 3306 952 3372 ardua
971 3306 1083 3376 lustres

270 3457 386 3539 templa
405 3458 476 3540 poli,
499 3481 617 3523 summo
637 3465 686 3524 est
705 3458 798 3524 altior
816 3458 868 3524 ille
887 3458 978 3542 polo:

231 3608 295 3675 sive
315 3609 433 3675 inferna
452 3615 549 3691 petas,
572 3609 650 3676 Oreo
671 3609 722 3675 ille
743 3611 919 3693 profundior
938 3612 1000 3677 imo
1020 3619 1087 3688 est3

271 3755 341 3838 plus
361 3778 430 3823 mea
449 3763 546 3822 morte
566 3755 650 3822 valet
669 3754 753 3837 larga
773 3762 926 3838 tenaxque
945 3753 1029 3823 fides.
