2708 4230
604 112 666 180 127

128 261 244 353 ordinis
263 285 376 370 egregii
396 305 524 353 nascens
544 284 702 364 ascribere,
723 291 814 352 natos

168 434 266 502 ultera
285 455 363 516 quos
382 433 491 517 dignor
510 441 609 500 mater
627 454 730 501 umore
750 453 838 501 meo:

129 584 171 650 sit
190 585 264 652 licet
283 586 335 652 hio
354 585 468 652 meiere
488 585 555 651 loeo
575 585 720 669 dignatus
741 592 774 653 et
794 585 856 662 ille,

169 741 218 801 est
237 735 338 818 potior
358 734 436 800 nulli
457 757 522 801 sors
541 757 597 802 sue
617 743 699 802 sorte
719 743 784 801 tua.

129 889 204 948 sunt
223 882 343 965 quibus,
366 883 405 950 ob
425 883 556 968 speeiem
575 883 685 951 laudat
704 885 779 967 quis
797 885 909 970 vulgus
929 885 1065 961 inanem,

169 1033 254 1099 heud
272 1055 365 1117 perse
384 1034 490 1101 videar
509 1034 591 1101 done
610 1035 732 1104 dedisse
752 1058 867 1103 manu:

129 1200 179 1249 me
198 1181 289 1248 modo
308 1201 349 1249 ne
368 1182 473 1265 pigeat
491 1182 639 1249 rivalibus
658 1204 725 1251 esse
745 1184 927 1265 ministram,

169 1331 226 1398 hos
246 1332 322 1397 mihi
344 1334 510 1400 consiliunt
528 1335 637 1418 gratis,
659 1341 817 1417 quaestus,
837 1333 943 1404 honor.

130 1484 202 1567 plus
220 1485 317 1551 nimio
337 1487 467 1569 sapiunt,
489 1492 618 1569 totoque
638 1493 789 1552 canuntur
809 1486 843 1551 in
863 1484 944 1564 orbe,

170 1632 286 1699 talibus
305 1640 354 1700 sst
373 1634 461 1716 adyti
481 1633 576 1700 ianua
595 1634 701 1700 clausa
720 1635 802 1701 mei:

129 1786 175 1858 tu,
197 1799 277 1862 quse
296 1802 357 1846 vox
376 1780 492 1864 populi,
514 1802 578 1848 sors
598 1803 678 1864 quse
698 1782 740 1849 sit
760 1802 891 1866 eumque
911 1782 1025 1861 future,

171 1927 273 1992 omnis
291 1948 365 2010 prae
383 1928 472 1994 nobis
490 1935 595 1995 nostru
614 1927 741 1995 minoris
760 1929 848 1998 hebo.

130 2073 247 2142 scilieet
266 2075 414 2142 eximium
433 2075 509 2142 mihi
529 2084 566 2144 tu
586 2077 756 2160 praestabis
776 2099 929 2157 amorem3

170 2223 228 2289 hec
247 2223 373 2291 referum
394 2225 495 2292 decies
514 2247 569 2309 pro
588 2225 706 2309 pietate
726 2227 846 2294 vicem:

132 2371 280 2453 blandiar,
302 2374 387 2440 haud
406 2383 549 2444 eonstens
569 2384 607 2442 ut
627 2383 661 2444 te
680 2376 1029 2460 reprehenderemus,

170 2531 210 2588 ut
228 2524 348 2607 prodet,
368 2525 445 2591 mihi
465 2532 503 2591 tu
524 2526 622 2603 crede,
642 2526 742 2594 fidelis
762 2502 822 2595 ero.

131 2673 243 2739 mentis
262 2681 330 2741 erat
349 2681 479 2754 nostras,
502 2695 682 2758 semperque
702 2675 815 2742 virebit
834 2674 945 2758 imago,

169 2823 319 2889 haetenus
338 2829 376 2888 ut
395 2823 491 2890 viruit
510 2823 624 2904 laurea,
645 2824 756 2891 frontis
776 2822 887 2902 hunus,

129 2992 192 3038 non
211 2970 288 3036 elius
308 2971 475 3053 spectemus
495 2972 593 3056 magis
613 2993 705 3054 quam
725 2977 864 3053 tempore
883 2970 1019 3049 brumae,

173 3139 242 3184 sum
262 3118 371 3184 nitidis
390 3126 493 3187 uuest
513 3128 615 3188 cetera
635 3120 713 3187 silve
733 3120 847 3188 comis!
