2708 4230
525 1359 643 1426 MUSA
671 1360 971 1428 CONSOLA'PRIX.

242 1653 302 1721 Die
322 1655 398 1722 mihi
418 1678 498 1740 quae
518 1656 618 1735 ueris,
640 1657 690 1722 eui
709 1655 827 1720 lumine
846 1654 937 1738 plene
956 1655 1075 1734 nitoris,

284 1795 409 1879 altaque
429 1796 570 1865 Phoebea
589 1804 727 1880 tempore
746 1797 848 1863 ciuem
868 1800 977 1863 coma?

242 1955 346 2016 quem,
367 1934 434 2014 dee,
455 1943 489 2003 te
507 1957 680 2016 memorem,
701 1958 797 2003 eunae
816 1957 911 2020 prope
930 1944 1021 2004 noete
1040 1937 1098 2004 eub
1118 1937 1172 2004 illu

284 2077 369 2143 dulci
389 2099 451 2143 nou
471 2077 597 2144 solitum
617 2099 697 2161 quae
716 2079 812 2145 melos
832 2099 884 2146 ore
904 2078 1022 2145 debas?

242 2217 337 2283 ‘talia
356 2218 447 2286 mitte
466 2239 561 2302 puer3
586 2219 806 2297 vanum,’—eie
826 2242 900 2289 voce
920 2222 1102 2300 canebas,-

283 2357 392 2425 ‘mitte
411 2358 541 2437 luerum,
562 2359 686 2426 valeant
704 2361 828 2444 gaudia,
849 2361 958 2440 faetus,
981 2383 1074 2446 opes:

240 2499 316 2581 quid
336 2499 394 2565 tibi
415 2523 485 2567 cum
504 2501 611 2583 geniis,
632 2522 763 2583 quorum
784 2508 858 2566 eunt
878 2522 1006 2569 munere
1025 2509 1149 2570 tuntum

281 2641 367 2723 queis
388 2642 449 2707 cita
469 2641 636 2724 terrigenae
656 2640 709 2705 vix
729 2641 811 2707 sinat
830 2641 906 2708 hore
925 2643 1009 2708 frui?

237 2782 328 2848 mitte
348 2780 447 2848 brevis
467 2781 558 2858 vitae,
580 2787 679 2848 terrae
699 2781 779 2847 bona
798 2781 890 2849 mitte
910 2781 1052 2860 caducae,

279 2942 356 2989 neve
376 2920 471 2986 adimi
490 2922 603 3004 pigeat,
624 2942 685 2988 neu
706 2921 749 2986 eit
768 2920 912 3003 adempta
932 2921 1038 3004 sequi:

239 3083 286 3140 en,
309 3061 434 3129 meliora
453 3061 541 3141 dabo,
563 3083 643 3145 quae
663 3069 797 3129 mentem
817 3069 850 3130 et
870 3062 989 3128 somnia
1008 3062 1134 3140 mentis,

278 3202 399 3270 saecule
418 3208 497 3284 quot
515 3209 635 3269 restant
654 3211 792 3286 quotque
811 3203 905 3281 fuere,
927 3224 1007 3287 rego.

229 3343 343 3411 deiciet
361 3342 435 3408 ludo
455 3343 598 3426 petulans
617 3343 741 3408 fortuna
760 3349 910 3425 potentes,

276 3481 391 3565 gaudie
411 3481 453 3548 sit
472 3481 574 3565 pueris
594 3489 668 3565 apte
687 3481 790 3549 dolere
809 3483 895 3563 eeni3

235 3621 319 3696 haee,
340 3642 410 3688 mee
428 3621 493 3701 doe,
515 3622 632 3688 intaeta
651 3631 796 3702 maneum
824 3622 897 3688 hine
917 3621 1046 3706 pulchra
1065 3623 1193 3706 probare

277 3764 319 3831 eit
339 3763 409 3843 tibi,
430 3764 472 3830 eit
491 3763 556 3832 veri
576 3785 638 3830 non
658 3762 822 3832 inhonesta
841 3763 919 3830 sitis.
