2708 4230
317 684 445 752 suum
474 682 783 750 IRREPARABILE
810 683 989 751 unMPUS.
1027 721 1029 725 ·

231 1006 276 1070 At
296 1026 359 1083 vos,
380 1004 501 1087 elapsae
521 1004 698 1071 dulcissima
718 1012 857 1088 tempore
877 1005 969 1084 vitoe,

270 1159 374 1234 posset
394 1152 608 1232 Mnemosynes
628 1152 655 1217 si
675 1172 814 1235 reponere
833 1174 953 1232 monus,

230 1298 316 1365 foruli
336 1321 375 1366 ex
394 1323 473 1365 urna
493 1301 520 1366 si
540 1300 666 1368 reddere
687 1323 763 1367 oens
783 1301 940 1379 vetustas,

272 1447 363 1529 quale
382 1447 478 1513 dabat
498 1449 623 1515 veniens
644 1450 689 1514 sol
709 1451 853 1517 abiensvs
873 1451 962 1516 iubar
972 1474 981 1531 ;

229 1597 332 1662 forsan
352 1596 480 1662 ethaeo
500 1596 581 1662 onris
601 1618 688 1662 mens
708 1597 873 1680 irrequieta
892 1605 1034 1678 vocarem

272 1753 361 1813 tenta
381 1746 436 1810 diu
457 1755 583 1830 possent
602 1746 720 1812 lumino
739 1768 814 1829 paee
834 1746 895 1811 nui
906 1769 915 1826 ;

149 1887 151 1890 ’
231 1920 287 1965 neo
307 1921 370 1963 non
389 1898 586 1980 languentem
607 1897 682 1980 Spes
703 1897 770 1980 ipss
789 1897 962 1964 remitteret
981 1896 1072 1977 olum,

272 2044 347 2110 dum
368 2044 483 2127 speeies
503 2044 572 2109 sevi
591 2043 720 2127 pulchro
739 2042 848 2126 prioris
868 2043 965 2110 adest.

231 2291 294 2369 sed,
315 2291 407 2358 meris
427 2291 461 2355 in
480 2292 594 2374 gremio
615 2312 691 2374 puer
711 2300 748 2358 ut
768 2292 834 2358 sine
854 2292 971 2358 viribus
992 2292 1115 2372 inuans,

272 2439 402 2504 nitimur
420 2438 541 2505 adversi
562 2461 680 2522 semper
699 2441 733 2505 in
753 2441 819 2507 slts
837 2441 928 2522 froti;

233 2589 327 2672 inque
347 2590 413 2657 dies
432 2591 601 2673 longinque
619 2591 717 2674 magis
736 2592 834 2674 magis
853 2614 907 2658 ore
926 2592 1051 2670 recedit,

274 2761 336 2821 qua
356 2738 480 2805 radians
500 2739 601 2806 fontes
621 2740 699 2819 luce,
723 2740 863 2818 Invento,
884 2749 949 2807 tua.

233 2889 382 2956 messibus
403 2890 557 2956 undantes
576 2890 727 2973 paulatim
747 2892 961 2957 abscondimus
981 2914 1078 2975 egros,

275 3040 370 3106 latius
390 3039 525 3106 extentis
545 3061 578 3106 se
598 3060 681 3106 mure
701 3039 800 3105 volvit
819 3039 908 3122 aquis
918 3062 926 3120 ;

229 3189 362 3255 nubibus
381 3189 531 3254 sooedunt
551 3190 695 3255 tenebrae
704 3209 714 3263 3
741 3188 787 3253 sol
808 3187 950 3253 conditur
970 3187 1083 3254 undis:

276 3339 403 3406 tendere
423 3361 480 3404 nos
501 3360 646 3420 quorsum
667 3338 780 3405 viderit
801 3346 868 3404 orte
888 3339 976 3406 dies?
