2708 4230
631 115 672 179 13

228 284 285 351 ‘aie
304 306 361 349 nos
381 292 528 368 perpetuo
548 282 749 364 nostrosque,'
769 281 816 347 ait
836 281 897 359 ille,
921 286 1067 363 ‘nepotes

269 414 403 481 fraterne
424 413 528 480 seeleri
549 413 672 480 debitus
692 413 775 477 ulter
795 418 874 495 agat,

230 565 323 611 aueue
344 546 403 613 erit
424 546 450 611 ei
470 545 548 628 quie,
570 567 667 628 genus
687 545 878 623 exsecrabile,
901 553 1037 611 vestrum

271 677 425 743 Herminii
445 677 532 759 nigro
553 677 682 743 subdere
703 676 801 743 calcar
821 678 920 760 equo!

230 809 358 886 dixerat,
380 817 413 875 et
434 809 517 874 dieto
537 809 638 886 eitius,
661 809 748 875 velut
768 808 856 892 Alpis
876 811 909 874 in
929 832 997 875 aree

269 942 394 1007 flumme
413 941 485 1007 ferit
506 941 658 1023 epeeulam
679 941 773 1006 missa
792 950 917 1024 repente
936 942 1015 1025 pola,

232 1074 276 1140 aie
296 1073 371 1138 Auli
392 1095 501 1138 manue
522 1094 594 1139 enee
614 1072 739 1145 micans,
760 1073 955 1157 adductaque
975 1076 1051 1141 totis

272 1207 396 1285 viribus,
418 1207 545 1272 adverae
565 1206 646 1272 aedit
668 1207 701 1270 in
721 1228 772 1272 ore
794 1207 878 1272 Titi:

232 1340 372 1424 protinus
392 1340 547 1423 ingentem
569 1360 634 1405 sese
654 1339 824 1405 eiaculatus
844 1340 877 1404 in
897 1363 1000 1406 arcum

273 1492 344 1537 aera
363 1492 515 1553 purpureo
536 1469 649 1534 dividit
669 1470 764 1535 imbre
784 1493 892 1536 eruor:

234 1603 319 1668 haud
338 1603 429 1670 aliter
449 1604 579 1685 (lapuae
601 1604 703 1669 media
722 1604 884 1688 locupletia
905 1607 938 1671 in
958 1607 1038 1685 aula,

274 1737 342 1802 fona
362 1736 541 1818 improvisas
561 1735 730 1801 eiaculatur
750 1759 852 1818 aquae.

233 1864 373 1931 omnibus
392 1873 533 1930 actutum
553 1886 648 1947 pavor
668 1875 797 1948 oeeupat·
818 1889 870 1932 ora
889 1867 1017 1946 Latinis,

275 1997 328 2080 qui
348 1997 446 2080 rigido
467 2003 563 2063 staret
581 1997 706 2080 poplite,
729 2000 832 2066 nullus
852 2008 919 2067 erat
928 2022 938 2076 3

234 2137 396 2212 postquam
417 2128 609 2211 Tarquinius,
632 2130 682 2194 eui
702 2151 758 2212 par
776 2152 839 2196 non
858 2131 936 2197 alter
957 2133 989 2194 in
1011 2131 1109 2209 armis,

275 2260 364 2326 hoste
384 2280 474 2342 super
494 2281 581 2326 caeso
601 2281 707 2326 caesus
727 2269 759 2326 et
779 2260 845 2343 ipae
864 2261 952 2327 iacet.
