2708 4230
675 111 717 174 33

229 290 317 348 torva
337 289 429 348 tuens
449 279 553 359 oculis,
575 302 745 363 rugosaque
765 280 888 347 horrida
908 303 1013 358 sanna,

271 422 413 506 adspexit
432 428 557 488 dantum
577 421 690 495 Poena,
710 420 852 504 fugitque
871 421 987 502 locum3

230 583 302 626 nam
322 561 409 643 pueri
429 561 462 626 in
482 561 582 639 vultu,
604 581 726 642 quoquo
746 560 891 627 flectebat
911 561 1029 637 ocellos,

270 701 317 766 vis
337 702 438 766 inerat
458 706 583 766 sanctae
602 706 692 764 tanta
714 698 891 782 pudicitiae,

230 839 378 921 panderet
397 845 435 904 ut
454 859 558 903 rursus
578 837 659 902 mala
678 836 774 919 pestis
793 836 833 902 nd
853 857 924 902 aera
943 859 1112 920 pennas,-

271 1003 355 1064 spem
375 980 566 1064 desperatam
586 980 773 1046 testificante
792 980 917 1063 fuga,-

230 1120 426 1203 invidiaeque
446 1142 520 1187 suec
541 1119 674 1186 stimulis
694 1119 830 1186 cruciate
850 1119 975 1186 referret

271 1281 333 1327 non
353 1260 540 1344 profecturas
561 1260 595 1324 in
615 1282 671 1325 sua
691 1280 785 1342 regna
803 1259 909 1326 minas.

226 1482 302 1540 tunc
322 1474 397 1550 edit,
420 1495 454 1541 os
475 1494 628 1556 exsangue
646 1494 754 1555 gerens
774 1482 902 1556 atraque
923 1495 1067 1557 cupressu

270 1610 374 1680 vincia
394 1636 503 1693 comas,
526 1613 615 1680 Erebi
636 1613 709 1690 filia,
731 1613 829 1680 tristis
850 1635 936 1690 anus,

228 1777 307 1838 quae
345 1755 469 1821 calicem
504 1753 668 1821 ostendens
707 1755 842 1838 plenum,
879 1754 988 1838 ‘cape'
1024 1755 1113 1834 dixit,
1151 1762 1201 1824 ‘et

341 1895 439 1972 hauri,

270 2057 331 2102 nen
351 2035 455 2118 pigeat
475 2041 584 2116 gustus
604 2033 687 2116 quod
707 2034 749 2099 sic
769 2056 899 2114 amarus,
921 2036 1052 2118 aquarn‚’

232 2176 304 2243 inde
323 2175 423 2253 miser,
447 2179 550 2258 ‘quae
573 2183 678 2253 maier,
701 2174 804 2242 adesi'
826 2176 876 2241 cui
896 2199 968 2260 saga
988 2179 1108 2261 roganti

270 2314 393 2380 rettulit
412 2321 450 2379 ut
470 2335 572 2397 pressu
592 2337 755 2391 murmure,
780 2315 877 2382 ‘Cura
897 2317 1006 2396 vocor,'

232 2451 365 2530 ‘desine
386 2472 463 2518 neve
482 2472 565 2518 meos
585 2451 736 2518 horrendo
756 2453 904 2536 intercipe
924 2453 1022 2532 ludos,

271 2615 346 2671 cras,
368 2592 395 2658 si
414 2592 582 2675 parendum
602 2599 659 2670 est,
681 2592 766 2670 cras‚’
787 2593 914 2671 cirillo,
938 2594 1075 2660 ‘bibam'

230 2803 368 2887 proxime
388 2802 534 2869 wcccssic
554 2802 644 2867 Pindi
665 2824 748 2868 soror
767 2825 830 2867 una
850 2825 959 2869 canoro

270 2943 310 3010 de
329 2965 427 3026 grege,
449 2965 543 3010 suave
563 2944 646 3009 ciens
666 2965 739 3008 voce
761 2942 888 3026 lyraque
907 2943 1011 3021 melos,

229 3084 320 3166 qnele
339 3085 424 3168 prius
444 3106 611 3168 numquam
631 3092 736 3149 tenero
757 3106 812 3167 per
834 3085 952 3150 somnia
971 3087 1037 3151 vati

154 3274 157 3281 .
270 3230 390 3305 sperata
410 3222 536 3289 dederat
555 3221 646 3289 laude
667 3222 812 3304 opibusve
832 3221 909 3286 frui:

232 3361 366 3427 carmina
386 3360 440 3428 sed
460 3360 600 3442 quamvis
620 3359 782 3427 dulcedine
802 3359 892 3444 plena
912 3371 1064 3440 sonarent,

271 3523 319 3568 res
338 3501 428 3566 nihili
441 3512 543 3585 'puero
563 3510 612 3568 esc
630 3502 731 3584 gratia
750 3501 817 3567 visa
836 3501 934 3585 lyrae:

230 3663 292 3706 non
312 3641 463 3725 placuisse
482 3649 629 3725 parumst,
653 3646 698 3720 ‘a,
718 3649 845 3725 pestem,
867 3643 1017 3719 avertite?
1039 3643 1159 3723 clamat,

273 3785 344 3849 ‘cur
363 3805 441 3867 vaga
461 3784 605 3850 sambuca
625 3805 681 3848 nos
701 3783 747 3848 iia
766 3784 881 3850 tundat
901 3785 1016 3850 enusi’

270 3922 299 3968 r.
1099 3908 1117 3968 3
