2708 4230
716 83 759 148 59

231 266 382 313 semones
402 246 531 313 nimium
552 247 643 331 longo
662 248 813 316 deducere
832 246 885 315 filo
898 249 920 330 z)

230 380 289 446 hoo
308 402 371 446 uno
392 401 484 463 super
503 379 624 447 adiecto
644 380 723 445 nihil
744 380 876 465 amplius
895 379 1015 446 addam.

230 534 286 580 rex
305 514 378 580 orm
398 521 487 581 111
507 514 640 597 ingenio,
662 478 876 581 1111111
896 514 987 592 idem,

230 643 276 709 nil
295 645 387 711 refert
408 643 535 710 Serasne
556 643 638 710 inter
657 645 793 727 regnarit
813 667 853 709 an
875 644 976 722 Indos,

230 775 289 842 hoo
309 776 415 854 edixit,
436 776 495 854 uti,
517 776 544 842 si
564 776 634 859 quis
653 775 799 842 violasset
818 776 916 842 amieo

231 908 413 991 praestanda
433 916 481 976 est
501 930 580 992 quae
600 910 659 976 rite
679 909 765 990 fides,
787 910 827 976 de
847 910 972 975 crimine
992 916 1081 974 tanto

231 1039 389 1106 convietus
409 1039 503 1107 semel
523 1039 574 1107 hio
593 1040 721 1123 posthae
741 1060 775 1106 se
795 1039 958 1105 dimidiata

232 1169 374 1237 indueret
392 1171 508 1249 tunica,
531 1171 716 1253 spectandus
735 1179 859 1254 pectore
878 1170 970 1235 nudo.

233 1323 294 1383 quo
314 1300 391 1365 mihi
411 1302 561 1385 supplicio
581 1323 635 1368 rex
655 1301 688 1368 id
708 1302 864 1368 monuisse
883 1301 1015 1379 videtur,

230 1432 275 1497 nil
294 1433 377 1499 intra
397 1454 463 1502 esse
483 1435 571 1518 preti,
593 1435 677 1518 quod
697 1443 837 1518 opertum
858 1442 914 1514 est,
938 1454 1029 1501 omna
1048 1440 1206 1518 retectum.

273 1565 299 1632 0
320 1566 493 1633 fortunatos
513 1566 553 1631 ob
573 1565 669 1633 libera
689 1567 757 1631 iura
776 1566 947 1644 Britannos,

229 1697 275 1762 nil
296 1697 407 1780 quibus
427 1720 447 1763 a
467 1698 590 1764 domino
610 1698 810 1765 metuendum
830 1704 879 1765 est
898 1698 962 1765 tale
982 1719 1103 1776 sever03

231 1830 279 1896 sin
299 1831 398 1896 tribus
419 1831 585 1909 ordinibus,
607 1839 717 1897 curant
738 1830 792 1913 qui
810 1830 934 1914 publiea
953 1851 1062 1909 rerum,

230 1962 327 2045 legem
348 1970 412 2028 tam
433 1962 562 2046 rigidam
582 1962 670 2028 nobis
691 1962 827 2028 sanxisse
847 1962 989 2044 placeret,

230 2103 304 2163 sunt
323 2094 400 2160 mihi
420 2094 600 2160 iamdudum
620 2097 697 2174 noti,
720 2119 849 2179 qnorum
870 2118 951 2162 unus
971 2102 1004 2162 et
1023 2095 1102 2162 alter

229 2224 355 2290 illatura
373 2223 489 2288 malum
510 2223 568 2289 sibi
588 2224 700 2308 frigora
720 2225 785 2292 iure
806 2226 958 2291 timerent.

230 2361 267 2420 tu
287 2361 401 2430 tamen,
423 2375 441 2418 o
462 2353 559 2419 socios
578 2353 660 2423 inter
680 2356 826 2423 fidissime
846 2363 974 2434 nostros,

207 2476 209 2480 ’
229 2507 352 2568 quoquo
372 2485 500 2569 spirabit
520 2487 597 2554 caeli
617 2487 657 2553 de
677 2489 800 2555 cardine
819 2496 941 2567 ventus,
1070 2512 1073 2519 ’

228 2639 283 2702 per
302 2618 406 2685 natale
426 2619 524 2686 solum
545 2620 628 2698 dum,
649 2620 697 2685 vir
717 2620 823 2698 bonus,
846 2621 964 2704 integer
984 2644 1072 2699 erras,

228 2759 351 2835 pectora
370 2751 504 2834 gestabis
523 2760 629 2818 mento
650 2760 742 2818 tenus
763 2753 871 2820 obdita
890 2753 1009 2836 pannis,

228 2880 320 2947 molle
340 2903 391 2946 eor
411 2881 496 2947 intus
516 2881 632 2947 habens
652 2881 795 2963 iustoque
815 2880 942 2948 deeorus
962 2880 1084 2946 amictu.
