2708 4230
229 1117 326 1198 QUIS
353 1118 575 1185 DESIDERIO
604 1117 670 1184 Sll*
697 1116 840 1183 PUDOR
866 1117 954 1184 Aur
982 1116 1128 1185 MODUS

460 1242 553 1308 'PAM
581 1241 682 1309 OARI
711 1243 895 1310 cnPlrlsr

253 1549 331 1633 Ergo
351 1551 430 1616 abiit
448 1559 552 1618 noster
571 1575 633 1617 non
653 1553 714 1618 iem
735 1552 920 1630 revocabilis,
942 1560 975 1619 et
994 1573 1051 1618 nos

293 1719 355 1763 non
374 1719 553 1782 responsuro
573 1724 728 1766 murmure
748 1724 828 1766 vena
848 1701 980 1767 damusl

253 1849 387 1917 defessus
406 1851 518 1918 studiis
538 1860 570 1919 et
590 1852 708 1918 lusibus
729 1853 793 1917 etia
814 1852 955 1935 quner'itl

294 2001 434 2066 omnibus
453 2009 487 2066 at
507 2024 604 2084 nuper
623 2003 731 2068 fortior
751 2027 832 2069 unus
852 2012 925 2070 erat.

250 2170 337 2214 canus
357 2156 424 2216 erat
443 2157 532 2217 terte.
575 2151 654 2233 quis,
676 2152 702 2216 si
723 2152 875 2218 sonuisset
897 2151 955 2216 ‘ad
974 2150 1094 2217 hostes’

292 2319 353 2362 vox
372 2320 418 2375 es,
440 2298 570 2364 cesserit
590 2298 771 2365 destituitve
791 2299 923 2364 ducem?

252 2448 404 2529 quaslibet
423 2448 457 2513 in
477 2451 595 2531 ungnes
615 2449 668 2514 illo
689 2456 854 2531 praeeunte
873 2448 1005 2514 libenter

291 2598 412 2676 ivimus,
434 2606 466 2664 et
486 2599 596 2680 dignus
617 2621 708 2680 quem
728 2619 923 2680 sequeremur
942 2606 1016 2664 erut.

251 2744 304 2810 ille
324 2744 418 2809 animi
438 2743 548 2822 laetus,
570 2753 658 2811 tener
677 2745 742 2828 ipse
762 2753 799 2809 ut
818 2753 923 2826 posset
941 2744 1056 2824 heberi,

289 2890 416 2974 pellexit
434 2898 554 2958 teneros
575 2891 770 2973 simplicitate
792 2913 856 2956 sua.

249 3062 312 3122 quo
332 3039 397 3106 sine
418 3040 545 3105 dimidia
565 3047 728 3106 caruerunt
748 3038 816 3105 luce
836 3039 993 3123 triumphi,

291 3188 394 3255 arrisit
412 3188 509 3272 pulsis
530 3188 575 3254 sol
596 3189 661 3254 sine
680 3188 762 3254 nube
784 3188 855 3254 suis.

251 3361 332 3405 nune
353 3339 430 3405 abiit
450 3338 545 3413 nobis,
568 3359 661 3419 quare
682 3337 833 3403 nescimus
854 3337 1022 3421 ademptus,

291 3495 428 3553 attamen
448 3485 522 3551 hnee
542 3485 656 3567 poterit
675 3485 782 3551 tollere
803 3485 893 3551 eorde
912 3485 1007 3551 fides:

250 3636 360 3704 absens
379 3644 485 3701 nostre
504 3635 691 3701 temen—sie
712 3655 779 3716 spes
800 3633 883 3698 haud
903 3634 989 3699 irrita
1007 3635 1158 3702 suadet-

291 3793 379 3851 eurat
399 3786 432 3849 in
452 3784 563 3867 Elysiis
582 3793 695 3863 noster,
716 3790 754 3848 ut
774 3792 855 3860 ante,
876 3783 981 3866 plagis.

996 3908 1105 3967 ls-n.
