2708 4230
514 1218 719 1286 OHRIS'PUS
747 1214 935 1283 PA'PIENS.

297 1532 350 1598 Sic
370 1532 453 1598 fetus
473 1539 576 1598 noster
595 1530 694 1614 primo
714 1537 783 1595 tum
803 1526 926 1593 Lucifer
946 1533 1016 1592 ortu

299 1682 360 1749 huc
380 1690 474 1764 atquc
494 1682 555 1748 huc
576 1681 680 1749 oculos
700 1677 898 1754 circumtulit,
920 1675 1006 1741 invie
1024 1674 1158 1740 lustrans

298 1832 437 1916 undique
457 1831 579 1899 deserte
598 1839 632 1898 et
651 1830 786 1897 tenebris
805 1826 962 1894 horrentia
981 1825 1084 1908 nigris

299 1981 385 2048 haud
404 1981 503 2048 facilis
523 2002 686 2064 regressus,
708 1980 903 2047 inobservate
921 1978 1040 2044 riarum

298 2130 351 2196 cui
370 2130 472 2196 fuerat
491 2126 574 2212 regio
595 2128 742 2206 venienti,
763 2127 879 2194 nullius
900 2134 974 2195 ente

299 2275 376 2341 trite
395 2276 480 2342 solo:
508 2282 612 2342 movet
631 2281 702 2341 ecte
720 2283 826 2343 temen
845 2282 1036 2357 venturaque
1056 2292 1169 2349 secum,

300 2447 424 2508 quoquc
443 2425 544 2510 pergit
562 2426 631 2502 iter,
653 2426 843 2506 comitantia,
865 2426 947 2493 solus
966 2433 1005 2492 ut
1025 2444 1129 2492 errans

300 2571 427 2638 adscisci
448 2572 507 2638 sibi
527 2573 578 2640 vel
597 2573 693 2639 lectos
714 2573 760 2638 nil
780 2580 867 2641 curct
886 2572 1007 2638 amicus

341 2722 393 2788 Bis
413 2722 508 2789 denos
529 2721 608 2788 soles
627 2723 759 2790 totidem
778 2724 827 2790 bis
846 2724 928 2790 ferna
948 2722 1074 2807 vaganti

299 2875 445 2934 exactos:
474 2888 528 2936 seu
549 2869 625 2936 colle
645 2870 726 2936 diem
747 2870 898 2938 condebat
917 2877 1030 2954 aperto,

301 3015 444 3082 umbrosa
464 3036 518 3083 seu
538 3018 618 3084 velle
638 3018 759 3086 lutens:
788 3020 842 3087 sed
861 3020 961 3087 noctis
981 3020 1015 3086 in
1034 3019 1109 3086 hore

300 3163 377 3231 scire
396 3164 483 3232 nefas
502 3167 667 3248 petuleene
686 3169 769 3236 cedri
790 3190 914 3236 securus
934 3168 968 3233 in
987 3168 1095 3235 umbre

301 3314 417 3381 caverit
437 3323 585 3395 umentes,
606 3318 742 3385 veterius
761 3319 819 3385 sub
839 3320 917 3400 ilice,
938 3341 1030 3400 rores,

302 3463 395 3529 unius
415 3486 456 3529 an
476 3486 541 3532 sese
561 3466 694 3550 hospitio
714 3469 900 3551 commiserit
919 3471 1010 3537 antri.

301 3607 385 3675 hunc
405 3609 489 3677 soliti
509 3612 618 3692 victus,
640 3616 731 3682 ardor
750 3617 800 3683 cui
820 3616 963 3701 demptus
983 3617 1103 3697 edenffi,

301 3757 388 3826 nulle
407 3760 497 3828 iuvet
516 3764 621 3844 satias,
641 3765 739 3833 donec
759 3767 816 3834 sub
836 3767 898 3836 fine
917 3768 1037 3837 dicrum
