<?xml version="1.0" encoding="UTF-8"?>
<!DOCTYPE html PUBLIC "-//W3C//DTD XHTML 1.0 Transitional//EN"
    "http://www.w3.org/TR/xhtml1/DTD/xhtml1-transitional.dtd">
<html xmlns="http://www.w3.org/1999/xhtml" xml:lang="en" lang="en">
 <head>
  <title>
</title>
<meta http-equiv="Content-Type" content="text/html;charset=utf-8" />
  <meta name='ocr-system' content='tesseract 3.04.00' />
  <meta name='ocr-capabilities' content='ocr_page ocr_carea ocr_par ocr_line ocrx_word'/>
</head>
<body>
  <div class='ocr_page' id='page_1' title='image "./apismatinaverse00youngoog_0026.png"; bbox 0 0 2730 4236; ppageno 0'>
   <div class='ocr_carea' id='block_1_1' title="bbox 565 711 863 792">
    <p class='ocr_par' dir='ltr' id='par_1_1' title="bbox 565 711 863 792">
     <span class='ocr_line' id='line_1_1' title="bbox 565 711 863 792; baseline 0.007 -14"><span class='ocrx_word' id='word_1_1' title='bbox 565 711 695 792; x_wconf 76' lang='lat' dir='ltr'>EQUES</span> <span class='ocrx_word' id='word_1_2' title='bbox 724 713 863 780; x_wconf 80' lang='lat' dir='ltr'>SAcER.</span> 
     </span>
    </p>
   </div>
   <div class='ocr_carea' id='block_1_2' title="bbox 245 951 1105 1589">
    <p class='ocr_par' dir='ltr' id='par_1_2' title="bbox 247 951 1057 1150">
     <span class='ocr_line' id='line_1_2' title="bbox 248 951 1057 1036; baseline 0.006 -21"><span class='ocrx_word' id='word_1_3' title='bbox 248 951 380 1016; x_wconf 87' lang='lat' dir='ltr'><strong>Admovi</strong></span> <span class='ocrx_word' id='word_1_4' title='bbox 400 959 468 1017; x_wconf 89' lang='lat' dir='ltr'>tum</span> <span class='ocrx_word' id='word_1_5' title='bbox 490 951 588 1017; x_wconf 85' lang='lat' dir='ltr'>calcar</span> <span class='ocrx_word' id='word_1_6' title='bbox 609 952 808 1033; x_wconf 67' lang='lat' dir='ltr'>eque—sitis</span> <span class='ocrx_word' id='word_1_7' title='bbox 829 975 882 1018; x_wconf 88' lang='lat' dir='ltr'>cra</span> <span class='ocrx_word' id='word_1_8' title='bbox 900 955 1057 1036; x_wconf 89' lang='lat' dir='ltr'>premebat</span> 
     </span>
     <span class='ocr_line' id='line_1_3' title="bbox 247 1065 1017 1150; baseline 0.001 -19"><span class='ocrx_word' id='word_1_9' title='bbox 247 1065 361 1145; x_wconf 87' lang='lat' dir='ltr'>acricr;</span> <span class='ocrx_word' id='word_1_10' title='bbox 383 1066 456 1134; x_wconf 90' lang='lat' dir='ltr'>inde</span> <span class='ocrx_word' id='word_1_11' title='bbox 475 1066 564 1131; x_wconf 89' lang='lat' dir='ltr'>iubar</span> <span class='ocrx_word' id='word_1_12' title='bbox 585 1066 665 1132; x_wconf 90' lang='lat' dir='ltr'>sensi</span> <span class='ocrx_word' id='word_1_13' title='bbox 686 1066 812 1132; x_wconf 85' lang='lat' dir='ltr'>rutilare</span> <span class='ocrx_word' id='word_1_14' title='bbox 832 1089 886 1150; x_wconf 89' lang='lat' dir='ltr'>per</span> <span class='ocrx_word' id='word_1_15' title='bbox 906 1068 1017 1146; x_wconf 90' lang='lat' dir='ltr'>orbem,</span> 
     </span>
    </p>

    <p class='ocr_par' dir='ltr' id='par_1_3' title="bbox 245 1181 1105 1589">
     <span class='ocr_line' id='line_1_4' title="bbox 247 1181 1105 1264; baseline 0.001 -17"><span class='ocrx_word' id='word_1_16' title='bbox 247 1204 307 1264; x_wconf 88' lang='lat' dir='ltr'>quc</span> <span class='ocrx_word' id='word_1_17' title='bbox 329 1182 420 1248; x_wconf 89' lang='lat' dir='ltr'>simul</span> <span class='ocrx_word' id='word_1_18' title='bbox 441 1191 535 1263; x_wconf 88' lang='lat' dir='ltr'>atque</span> <span class='ocrx_word' id='word_1_19' title='bbox 555 1181 635 1247; x_wconf 86' lang='lat' dir='ltr'>ictus</span> <span class='ocrx_word' id='word_1_20' title='bbox 656 1181 840 1263; x_wconf 80' lang='lat' dir='ltr'>splendescit</span> <span class='ocrx_word' id='word_1_21' title='bbox 860 1204 971 1261; x_wconf 89' lang='lat' dir='ltr'>vomer,</span> <span class='ocrx_word' id='word_1_22' title='bbox 993 1182 1105 1249; x_wconf 81' lang='lat' dir='ltr'>ibidem</span> 
     </span>
     <span class='ocr_line' id='line_1_5' title="bbox 247 1297 1010 1379; baseline 0.001 -19"><span class='ocrx_word' id='word_1_23' title='bbox 247 1297 330 1362; x_wconf 89' lang='lat' dir='ltr'>sistit</span> <span class='ocrx_word' id='word_1_24' title='bbox 350 1320 435 1379; x_wconf 91' lang='lat' dir='ltr'>opus,</span> <span class='ocrx_word' id='word_1_25' title='bbox 456 1297 597 1378; x_wconf 88' lang='lat' dir='ltr'>flexoque</span> <span class='ocrx_word' id='word_1_26' title='bbox 615 1317 696 1378; x_wconf 85' lang='lat' dir='ltr'>genu</span> <span class='ocrx_word' id='word_1_27' title='bbox 718 1317 750 1362; x_wconf 91' lang='lat' dir='ltr'>se</span> <span class='ocrx_word' id='word_1_28' title='bbox 771 1297 881 1362; x_wconf 90' lang='lat' dir='ltr'>sternit</span> <span class='ocrx_word' id='word_1_29' title='bbox 901 1305 1010 1374; x_wconf 83' lang='lat' dir='ltr'>arator,</span> 
     </span>
     <span class='ocr_line' id='line_1_6' title="bbox 247 1411 1028 1495; baseline 0 -18"><span class='ocrx_word' id='word_1_30' title='bbox 247 1412 356 1478; x_wconf 85' lang='lat' dir='ltr'>sternit</span> <span class='ocrx_word' id='word_1_31' title='bbox 377 1434 409 1478; x_wconf 87' lang='lat' dir='ltr'>se</span> <span class='ocrx_word' id='word_1_32' title='bbox 430 1412 557 1495; x_wconf 83' lang='lat' dir='ltr'><strong>supplex</strong></span> <span class='ocrx_word' id='word_1_33' title='bbox 576 1411 671 1493; x_wconf 85' lang='lat' dir='ltr'>virgo,</span> <span class='ocrx_word' id='word_1_34' title='bbox 693 1411 866 1476; x_wconf 82' lang='lat' dir='ltr'>mulctralia</span> <span class='ocrx_word' id='word_1_35' title='bbox 886 1411 1028 1493; x_wconf 88' lang='lat' dir='ltr'>linquens</span> 
     </span>
     <span class='ocr_line' id='line_1_7' title="bbox 245 1521 948 1589; baseline 0 -3"><span class='ocrx_word' id='word_1_36' title='bbox 245 1523 313 1589; x_wconf 88' lang='lat' dir='ltr'>luce</span> <span class='ocrx_word' id='word_1_37' title='bbox 333 1522 475 1588; x_wconf 88' lang='lat' dir='ltr'>lacessita</span> <span class='ocrx_word' id='word_1_38' title='bbox 495 1530 527 1588; x_wconf 92' lang='lat' dir='ltr'>et</span> <span class='ocrx_word' id='word_1_39' title='bbox 547 1521 700 1587; x_wconf 89' lang='lat' dir='ltr'>distentas</span> <span class='ocrx_word' id='word_1_40' title='bbox 720 1521 813 1586; x_wconf 85' lang='lat' dir='ltr'>ubere</span> <span class='ocrx_word' id='word_1_41' title='bbox 833 1543 948 1587; x_wconf 87' lang='lat' dir='ltr'>vaccas.</span> 
     </span>
    </p>
   </div>
   <div class='ocr_carea' id='block_1_3' title="bbox 236 1636 1145 3208">
    <p class='ocr_par' dir='ltr' id='par_1_4' title="bbox 244 1636 1132 1830">
     <span class='ocr_line' id='line_1_8' title="bbox 244 1636 1132 1721; baseline -0.005 -17"><span class='ocrx_word' id='word_1_42' title='bbox 244 1647 320 1704; x_wconf 87' lang='lat' dir='ltr'>tunc</span> <span class='ocrx_word' id='word_1_43' title='bbox 340 1637 491 1721; x_wconf 84' lang='lat' dir='ltr'>ego-sed</span> <span class='ocrx_word' id='word_1_44' title='bbox 511 1638 652 1703; x_wconf 87' lang='lat' dir='ltr'>Phoebus</span> <span class='ocrx_word' id='word_1_45' title='bbox 673 1636 790 1700; x_wconf 91' lang='lat' dir='ltr'>dudum</span> <span class='ocrx_word' id='word_1_46' title='bbox 811 1645 1001 1702; x_wconf 83' lang='lat' dir='ltr'>semoveret</span> <span class='ocrx_word' id='word_1_47' title='bbox 1021 1643 1132 1702; x_wconf 83' lang='lat' dir='ltr'>ortu—</span> 
     </span>
     <span class='ocr_line' id='line_1_9' title="bbox 246 1753 1043 1830; baseline -0.001 -11"><span class='ocrx_word' id='word_1_48' title='bbox 246 1755 308 1820; x_wconf 86' lang='lat' dir='ltr'>‘scl</span> <span class='ocrx_word' id='word_1_49' title='bbox 328 1753 456 1820; x_wconf 79' lang='lat' dir='ltr'>oriturl&#39;</span> <span class='ocrx_word' id='word_1_50' title='bbox 478 1753 543 1818; x_wconf 88' lang='lat' dir='ltr'>dixi</span> <span class='ocrx_word' id='word_1_51' title='bbox 563 1774 691 1830; x_wconf 91' lang='lat' dir='ltr'>mecum,</span> <span class='ocrx_word' id='word_1_52' title='bbox 713 1775 784 1816; x_wconf 87' lang='lat' dir='ltr'>nam</span> <span class='ocrx_word' id='word_1_53' title='bbox 806 1775 899 1818; x_wconf 86' lang='lat' dir='ltr'>causa</span> <span class='ocrx_word' id='word_1_54' title='bbox 917 1753 1043 1819; x_wconf 89' lang='lat' dir='ltr'>latebat.</span> 
     </span>
    </p>

    <p class='ocr_par' dir='ltr' id='par_1_5' title="bbox 243 1869 1073 2064">
     <span class='ocr_line' id='line_1_10' title="bbox 244 1869 1073 1951; baseline -0.002 -16"><span class='ocrx_word' id='word_1_55' title='bbox 244 1893 300 1937; x_wconf 91' lang='lat' dir='ltr'>nec</span> <span class='ocrx_word' id='word_1_56' title='bbox 319 1893 412 1948; x_wconf 88' lang='lat' dir='ltr'>mora,</span> <span class='ocrx_word' id='word_1_57' title='bbox 434 1870 536 1936; x_wconf 91' lang='lat' dir='ltr'>nescio</span> <span class='ocrx_word' id='word_1_58' title='bbox 557 1890 648 1951; x_wconf 90' lang='lat' dir='ltr'>quem</span> <span class='ocrx_word' id='word_1_59' title='bbox 668 1869 733 1933; x_wconf 85' lang='lat' dir='ltr'>vidi</span> <span class='ocrx_word' id='word_1_60' title='bbox 753 1891 803 1934; x_wconf 93' lang='lat' dir='ltr'>me</span> <span class='ocrx_word' id='word_1_61' title='bbox 822 1870 947 1935; x_wconf 88' lang='lat' dir='ltr'>tendere</span> <span class='ocrx_word' id='word_1_62' title='bbox 968 1877 1073 1935; x_wconf 88' lang='lat' dir='ltr'>contra</span> 
     </span>
     <span class='ocr_line' id='line_1_11' title="bbox 243 1983 948 2064; baseline -0.003 -15"><span class='ocrx_word' id='word_1_63' title='bbox 243 1984 359 2050; x_wconf 89' lang='lat' dir='ltr'>auratis</span> <span class='ocrx_word' id='word_1_64' title='bbox 379 1984 524 2048; x_wconf 90' lang='lat' dir='ltr'>indutum</span> <span class='ocrx_word' id='word_1_65' title='bbox 544 1983 636 2048; x_wconf 88' lang='lat' dir='ltr'>armis</span> <span class='ocrx_word' id='word_1_66' title='bbox 656 2004 808 2064; x_wconf 82' lang='lat' dir='ltr'>aureaque</span> <span class='ocrx_word' id='word_1_67' title='bbox 829 2006 948 2060; x_wconf 89' lang='lat' dir='ltr'>corona,</span> 
     </span>
    </p>

    <p class='ocr_par' dir='ltr' id='par_1_6' title="bbox 239 2096 1145 2982">
     <span class='ocr_line' id='line_1_12' title="bbox 243 2096 1118 2182; baseline -0.003 -19"><span class='ocrx_word' id='word_1_68' title='bbox 243 2121 334 2182; x_wconf 88' lang='lat' dir='ltr'>quam</span> <span class='ocrx_word' id='word_1_69' title='bbox 355 2098 459 2182; x_wconf 68' lang='lat' dir='ltr'>galeae</span> <span class='ocrx_word' id='word_1_70' title='bbox 478 2098 640 2164; x_wconf 80' lang='lat' dir='ltr'>addiderat</span> <span class='ocrx_word' id='word_1_71' title='bbox 659 2098 827 2180; x_wconf 80' lang='lat' dir='ltr'>gemmanti</span> <span class='ocrx_word' id='word_1_72' title='bbox 847 2098 975 2180; x_wconf 83' lang='lat' dir='ltr'>insigne,</span> <span class='ocrx_word' id='word_1_73' title='bbox 997 2117 1052 2161; x_wconf 92' lang='lat' dir='ltr'>nec</span> <span class='ocrx_word' id='word_1_74' title='bbox 1073 2096 1118 2160; x_wconf 91' lang='lat' dir='ltr'>illi</span> 
     </span>
     <span class='ocr_line' id='line_1_13' title="bbox 243 2211 1106 2295; baseline 0 -18"><span class='ocrx_word' id='word_1_75' title='bbox 243 2235 304 2278; x_wconf 90' lang='lat' dir='ltr'>non</span> <span class='ocrx_word' id='word_1_76' title='bbox 325 2213 498 2295; x_wconf 84' lang='lat' dir='ltr'>quadrupes</span> <span class='ocrx_word' id='word_1_77' title='bbox 517 2212 644 2295; x_wconf 85' lang='lat' dir='ltr'>gemmis</span> <span class='ocrx_word' id='word_1_78' title='bbox 665 2211 845 2294; x_wconf 88' lang='lat' dir='ltr'>splendebat</span> <span class='ocrx_word' id='word_1_79' title='bbox 864 2219 951 2277; x_wconf 86' lang='lat' dir='ltr'>totus</span> <span class='ocrx_word' id='word_1_80' title='bbox 971 2218 1003 2278; x_wconf 93' lang='lat' dir='ltr'>et</span> <span class='ocrx_word' id='word_1_81' title='bbox 1023 2234 1106 2277; x_wconf 90' lang='lat' dir='ltr'>auro.</span> 
     </span>
     <span class='ocr_line' id='line_1_14' title="bbox 241 2326 1100 2410; baseline -0.005 -16"><span class='ocrx_word' id='word_1_82' title='bbox 241 2328 314 2394; x_wconf 86' lang='lat' dir='ltr'>talis</span> <span class='ocrx_word' id='word_1_83' title='bbox 334 2327 409 2405; x_wconf 81' lang='lat' dir='ltr'>adit,</span> <span class='ocrx_word' id='word_1_84' title='bbox 431 2327 488 2392; x_wconf 87' lang='lat' dir='ltr'>tali</span> <span class='ocrx_word' id='word_1_85' title='bbox 509 2327 597 2392; x_wconf 87' lang='lat' dir='ltr'>nobis</span> <span class='ocrx_word' id='word_1_86' title='bbox 616 2349 710 2410; x_wconf 86' lang='lat' dir='ltr'>prope</span> <span class='ocrx_word' id='word_1_87' title='bbox 729 2326 833 2392; x_wconf 88' lang='lat' dir='ltr'>lumen</span> <span class='ocrx_word' id='word_1_88' title='bbox 854 2326 1031 2407; x_wconf 88' lang='lat' dir='ltr'>ademptum</span> <span class='ocrx_word' id='word_1_89' title='bbox 1052 2333 1100 2391; x_wconf 86' lang='lat' dir='ltr'>est</span> 
     </span>
     <span class='ocr_line' id='line_1_15' title="bbox 241 2438 1127 2523; baseline -0.005 -16"><span class='ocrx_word' id='word_1_90' title='bbox 241 2441 369 2523; x_wconf 82' lang='lat' dir='ltr'>fulgure,</span> <span class='ocrx_word' id='word_1_91' title='bbox 390 2462 462 2504; x_wconf 89' lang='lat' dir='ltr'>nam</span> <span class='ocrx_word' id='word_1_92' title='bbox 483 2439 613 2522; x_wconf 87' lang='lat' dir='ltr'>speciem</span> <span class='ocrx_word' id='word_1_93' title='bbox 634 2438 757 2504; x_wconf 87' lang='lat' dir='ltr'>Domini</span> <span class='ocrx_word' id='word_1_94' title='bbox 778 2438 845 2504; x_wconf 89' lang='lat' dir='ltr'>loca</span> <span class='ocrx_word' id='word_1_95' title='bbox 864 2446 976 2503; x_wconf 83' lang='lat' dir='ltr'>cuncta</span> <span class='ocrx_word' id='word_1_96' title='bbox 995 2438 1127 2520; x_wconf 85' lang='lat' dir='ltr'>regentis</span> 
     </span>
     <span class='ocr_line' id='line_1_16' title="bbox 240 2553 1103 2632; baseline -0.002 -11"><span class='ocrx_word' id='word_1_97' title='bbox 240 2557 320 2623; x_wconf 86' lang='lat' dir='ltr'>mole</span> <span class='ocrx_word' id='word_1_98' title='bbox 339 2556 434 2621; x_wconf 88' lang='lat' dir='ltr'>dabat</span> <span class='ocrx_word' id='word_1_99' title='bbox 454 2563 561 2620; x_wconf 83' lang='lat' dir='ltr'>vasta:</span> <span class='ocrx_word' id='word_1_100' title='bbox 583 2575 639 2619; x_wconf 95' lang='lat' dir='ltr'>nec</span> <span class='ocrx_word' id='word_1_101' title='bbox 660 2575 708 2620; x_wconf 90' lang='lat' dir='ltr'>me</span> <span class='ocrx_word' id='word_1_102' title='bbox 729 2561 834 2619; x_wconf 90' lang='lat' dir='ltr'>tamen</span> <span class='ocrx_word' id='word_1_103' title='bbox 854 2553 957 2619; x_wconf 87' lang='lat' dir='ltr'>obruit</span> <span class='ocrx_word' id='word_1_104' title='bbox 976 2554 1103 2632; x_wconf 87' lang='lat' dir='ltr'>instans,</span> 
     </span>
     <span class='ocr_line' id='line_1_17' title="bbox 240 2668 1144 2754; baseline -0.007 -16"><span class='ocrx_word' id='word_1_105' title='bbox 240 2672 322 2754; x_wconf 88' lang='lat' dir='ltr'>quod</span> <span class='ocrx_word' id='word_1_106' title='bbox 341 2671 442 2748; x_wconf 90' lang='lat' dir='ltr'>timui,</span> <span class='ocrx_word' id='word_1_107' title='bbox 464 2669 565 2736; x_wconf 89' lang='lat' dir='ltr'>medic</span> <span class='ocrx_word' id='word_1_108' title='bbox 586 2669 662 2752; x_wconf 90' lang='lat' dir='ltr'>quin</span> <span class='ocrx_word' id='word_1_109' title='bbox 681 2669 810 2751; x_wconf 82' lang='lat' dir='ltr'>porrigit</span> <span class='ocrx_word' id='word_1_110' title='bbox 829 2668 879 2733; x_wconf 91' lang='lat' dir='ltr'>hic</span> <span class='ocrx_word' id='word_1_111' title='bbox 899 2689 1021 2750; x_wconf 88' lang='lat' dir='ltr'>quoque</span> <span class='ocrx_word' id='word_1_112' title='bbox 1040 2689 1144 2751; x_wconf 86' lang='lat' dir='ltr'>gressu</span> 
     </span>
     <span class='ocr_line' id='line_1_18' title="bbox 239 2782 1145 2867; baseline -0.007 -13"><span class='ocrx_word' id='word_1_113' title='bbox 239 2788 387 2864; x_wconf 85' lang='lat' dir='ltr'>bracchia,</span> <span class='ocrx_word' id='word_1_114' title='bbox 410 2785 569 2867; x_wconf 86' lang='lat' dir='ltr'>complexu</span> <span class='ocrx_word' id='word_1_115' title='bbox 589 2793 746 2866; x_wconf 88' lang='lat' dir='ltr'>tamquam</span> <span class='ocrx_word' id='word_1_116' title='bbox 768 2790 965 2865; x_wconf 58' lang='lat' dir='ltr'>excepturum</span> <span class='ocrx_word' id='word_1_117' title='bbox 988 2803 1043 2865; x_wconf 82' lang='lat' dir='ltr'>ego</span> <span class='ocrx_word' id='word_1_118' title='bbox 1064 2782 1145 2848; x_wconf 91' lang='lat' dir='ltr'>ultro</span> 
     </span>
     <span class='ocr_line' id='line_1_19' title="bbox 240 2896 1061 2982; baseline -0.009 -14"><span class='ocrx_word' id='word_1_119' title='bbox 240 2901 369 2968; x_wconf 76' lang='lat' dir='ltr'>successi</span> <span class='ocrx_word' id='word_1_120' title='bbox 389 2900 549 2982; x_wconf 84' lang='lat' dir='ltr'>tetigique,</span> <span class='ocrx_word' id='word_1_121' title='bbox 572 2897 696 2964; x_wconf 91' lang='lat' dir='ltr'>sedhic</span> <span class='ocrx_word' id='word_1_122' title='bbox 717 2919 839 2980; x_wconf 89' lang='lat' dir='ltr'>quoque</span> <span class='ocrx_word' id='word_1_123' title='bbox 859 2896 939 2962; x_wconf 91' lang='lat' dir='ltr'>mole</span> <span class='ocrx_word' id='word_1_124' title='bbox 960 2896 1061 2961; x_wconf 88' lang='lat' dir='ltr'>soluta</span> 
     </span>
    </p>

    <p class='ocr_par' dir='ltr' id='par_1_7' title="bbox 238 3010 1018 3098">
     <span class='ocr_line' id='line_1_20' title="bbox 238 3010 1018 3098; baseline -0.009 -16"><span class='ocrx_word' id='word_1_125' title='bbox 238 3018 275 3082; x_wconf 87' lang='lat' dir='ltr'>fit</span> <span class='ocrx_word' id='word_1_126' title='bbox 294 3014 415 3098; x_wconf 86' lang='lat' dir='ltr'>pulvis:</span> <span class='ocrx_word' id='word_1_127' title='bbox 437 3033 555 3080; x_wconf 86' lang='lat' dir='ltr'>mecum</span> <span class='ocrx_word' id='word_1_128' title='bbox 576 3014 659 3079; x_wconf 88' lang='lat' dir='ltr'>solus</span> <span class='ocrx_word' id='word_1_129' title='bbox 679 3035 772 3094; x_wconf 84' lang='lat' dir='ltr'>vagor</span> <span class='ocrx_word' id='word_1_130' title='bbox 792 3033 898 3092; x_wconf 87' lang='lat' dir='ltr'>aspera</span> <span class='ocrx_word' id='word_1_131' title='bbox 918 3010 1018 3075; x_wconf 88' lang='lat' dir='ltr'>dumis</span> 
     </span>
    </p>

    <p class='ocr_par' dir='ltr' id='par_1_8' title="bbox 236 3124 1030 3208">
     <span class='ocr_line' id='line_1_21' title="bbox 236 3124 1030 3208; baseline -0.011 -11"><span class='ocrx_word' id='word_1_132' title='bbox 236 3138 319 3197; x_wconf 86' lang='lat' dir='ltr'>tesca</span> <span class='ocrx_word' id='word_1_133' title='bbox 339 3149 540 3205; x_wconf 75' lang='lat' dir='ltr'>remensums</span> <span class='ocrx_word' id='word_1_134' title='bbox 562 3126 681 3192; x_wconf 84' lang='lat' dir='ltr'>steriles</span> <span class='ocrx_word' id='word_1_135' title='bbox 702 3146 756 3208; x_wconf 82' lang='lat' dir='ltr'>ego</span> <span class='ocrx_word' id='word_1_136' title='bbox 776 3125 874 3190; x_wconf 86' lang='lat' dir='ltr'>fessus</span> <span class='ocrx_word' id='word_1_137' title='bbox 895 3124 1030 3189; x_wconf 87' lang='lat' dir='ltr'>harenas.</span> 
     </span>
    </p>
   </div>
   <div class='ocr_carea' id='block_1_4' title="bbox 0 0 1370 4236">
    <p class='ocr_par' dir='ltr' id='par_1_9' title="bbox 0 0 1370 4236">
     <span class='ocr_line' id='line_1_22' title="bbox 0 0 1370 4236; baseline 0 6"><span class='ocrx_word' id='word_1_138' title='bbox 0 0 1370 4236; x_wconf 95' lang='lat' dir='ltr'> </span> 
     </span>
    </p>
   </div>
  </div>
 </body>
</html>
