2708 4230
230 1634 290 1714 Qui
310 1635 414 1714 silvae,
435 1636 489 1718 qui
508 1636 623 1702 montis
643 1659 709 1702 eree
729 1635 830 1701 tutele
849 1635 957 1714 relicti,

270 1781 303 1839 te
322 1795 410 1839 mons
430 1773 599 1855 abreptum,
620 1781 654 1840 te
673 1782 730 1840 tua
750 1774 827 1840 silva
845 1773 949 1857 gemit.

230 1936 285 1979 nes
304 1913 359 1979 ubi
378 1913 448 1996 plus
468 1913 558 1980 solite
579 1935 679 1980 rerum
700 1913 836 1980 custodis
857 1933 990 1996 egemus,

271 2056 385 2123 solibus
404 2057 507 2123 exusti
527 2057 623 2123 fontis
643 2064 680 2122 ut
700 2079 787 2122 umor
806 2057 881 2123 ubis.

230 2194 281 2260 ilie
300 2201 405 2261 tumen
425 2196 578 2262 recidivus
598 2197 666 2272 erit,
686 2217 756 2261 eum
777 2195 890 2262 sentiet
910 2195 983 2267 addi

270 2357 341 2401 mex
362 2336 420 2402 sibi
440 2358 502 2402 nen
522 2336 658 2420 proprias
678 2358 755 2418 quas
775 2336 862 2401 debit
881 2336 977 2403 imber
997 2357 1108 2419 eques:

229 2482 263 2539 et
282 2475 371 2541 nobie
390 2498 452 2542 non
472 2476 537 2542 ulle
556 2477 643 2542 venit
662 2475 814 2542 medicine
833 2474 955 2551 doloris,

269 2621 303 2679 at
322 2615 390 2694 tibi,
411 2615 563 2696 Duneeni,
585 2617 717 2683 crastina
736 2615 823 2681 nulle
842 2615 916 2682 dies.

229 2754 354 2822 induxit
373 2757 516 2840 quotiens
536 2778 698 2824 messorem
718 2765 840 2840 tempus
862 2756 972 2835 aristis,

272 2922 348 2968 cene
367 2900 452 2967 subit
471 2900 589 2978 falcem,
610 2923 666 2967 nee
686 2900 746 2966 nisi
767 2923 851 2980 eene,
873 2922 973 2985 seges:

230 3067 286 3110 nes
305 3043 367 3110 emi
387 3043 504 3126 gemitu
525 3042 668 3110 comitem
688 3042 835 3110 deflemus
855 3044 1043 3128 ademptum,
1065 3096 1069 3107 .

270 3182 367 3266 glon'e
386 3181 437 3248 eui
457 3181 572 3248 formae
592 3203 711 3248 summe
730 3181 828 3247 virilis
848 3189 922 3249 erut.

231 3320 315 3386 misit
335 3318 389 3384 ubi
410 3318 590 3384 Autumnus
611 3318 723 3386 celeres
742 3339 760 3385 e
780 3340 897 3386 earcere
918 3327 1035 3398 ventes,

272 3479 336 3524 non
355 3457 416 3523 nisi
436 3464 605 3524 mereentes
626 3456 746 3525 decutit
766 3478 841 3523 aure
861 3478 977 3537 eomas3

231 3597 357 3665 eximios
376 3595 433 3662 flos
452 3595 505 3663 ille
524 3603 629 3663 temen
648 3597 790 3680 gestabat
808 3595 947 3676 honores,

271 3743 347 3803 tune
366 3757 436 3802 eum
456 3743 578 3818 praesto
598 3735 706 3804 ederet
725 3735 833 3802 mortis
852 3736 961 3804 uuerbe
981 3736 1055 3803 lues
