2708 4230
476 535 742 605 ΛΕΩΝΗΤΟΣ.
788 533 961 603 ΙΕΡΕΤΣ.

227 850 269 916 Λ
303 848 339 915 τί
359 847 399 934 δῆ
421 849 540 936 (γένοιτ’
562 849 612 930 ἀν,
634 848 770 937 ἀρκέσει
792 847 829 916 δὲ
850 852 922 921 πῶς
944 847 962 916 δ
985 849 1087 940 δρᾷςι

230 971 256 1037 Ι.
303 970 390 1038 έοικε
411 971 478 1059 «γὰρ
501 969 599 1048 τοῦτ’,
621 970 662 1054 ῆν
684 970 849 1057 ἐπεξέλθῃ
872 996 923 1043 τις
946 970 991 1048 εὖ,

303 1095 371 1165 τοῖς
393 1089 490 1174 τήνδε
512 1091 739 1172 διοβαλούσιν
760 1089 920 1158 ἐντίκτειν
941 1090 1062 1158 πόθον·

303 1215 423 1284 ούκονν
445 1214 549 1283 καλόν
571 1242 606 1282 τι
627 1213 725 1283 τοῦτό
746 1215 803 1299 η’,·
833 1214 913 1281 ἀλλ’
937 1214 1001 1298 ἐγὼ
1024 1215 1063 1282 οὐ
1084 1213 1185 1298 μόνον

304 1335 431 1404 τοιῶνδ’
454 1337 550 1405 ἕκατι
572 1337 672 1406 καινά
693 1337 787 1405 ταῦτ’
817 1337 1001 1421 ἐμησάμην,

303 1432 415 1540 μεῖζον
438 1456 466 1525 δ’
490 1457 579 1530 ὅπως
602 1484 636 1524 τι
658 1457 744 1542 τῆσδ

306 1576 396 1660 κείνη
419 1577 494 1665 ιγάρ,
516 1579 559 1648 ὡς
581 1575 632 1645 δεῖ
651 1577 925 1666 σχηματίζεσθαι
947 1575 1060 1662 λόγον,

306 1696 442 1765 θανοΰσ’
464 1695 518 1764 ἐπ’
541 1697 633 1784 αὐτῷ
654 1697 752 1781 δῆθεν
775 1696 959 1781 αἰτιάματι,

305 1819 389 1908 πρὸς
412 1823 473 1886 τοῦ
494 1818 655 1890 κλύοντες
677 1819 806 1906 θρῆνον,
830 1817 868 1885 έκ
890 1844 926 1885 τε
947 1816 1107 1906 μέμψεως
1200 1831 1201 1834 ’

307 1939 418 2009 οίκτόν
440 1966 477 2007 τε
499 1940 556 2007 καὶ
580 1937 759 2025 ξύγγνοιαν
780 1938 1017 2027 ἀντιλήψεται.

306 2059 443 2128 πίπτειν
464 2059 529 2145 γὰρ
553 2059 608 2126 ὧδ’
630 2058 724 2126 εἴωθε
746 2058 809 2126 τόν
831 2057 1016 2145 ἐφημέροις,

309 2178 353 2246 (δν
377 2179 417 2249 ἀν
439 2184 546 2268 κρατῇ
568 2206 628 2260 τις,
651 2179 731 2246 τάδε
751 2179 814 2264 μὲν
836 2180 875 2247 ού
897 2179 971 2247 κατ’
993 2179 1091 2263 ἀξίαν

234 2316 238 2324 ’
306 2302 388 2392 τιμᾷ
409 2301 563 2389 παρόντα
583 2300 624 2386 η’,
646 2301 726 2367 ἀλλ’
749 2300 829 2367 ὅταν
851 2326 886 2366 τι
907 2300 1053 2387 φροῦδον
1074 2298 1105 2385 ᾖ,

307 2422 457 2491 ἐντεῦθεν
478 2421 540 2505 ἥδη
563 2420 654 2489 τοῦθ’
678 2420 891 2508 ὑπερμέτρους
913 2419 1018 2497 ποθεῖ,

308 2543 326 2611 δ
348 2541 377 2608 δ’
400 2544 466 2632 οὐχ
488 2544 548 2615 ἕως
570 2544 723 2632 ὑπῆρχεν
745 2541 862 2630 εὑρέθη
885 2539 1000 2618 καλὸν,

308 2662 413 2731 καλὸν
435 2664 559 2749 νομίζει
580 2663 669 2731 τοῦτ’
692 2661 966 2751 ἀπεστερημένος.

308 2786 367 2853 καὶ
388 2787 544 2853 πείσεται
566 2784 606 2869 δὴ
628 2785 721 2854 ταῦθ
745 2785 763 2854 ὁ
786 2783 974 2863 Κλαυδίων,
996 2783 1078 2852 όταν

308 2911 376 2979 τοῖς
398 2907 445 2980 οἷς
468 2909 636 2976 θανοῦσαν
658 2909 747 2993 τήνδ’
768 2909 824 2976 ἐπὶ
846 2907 969 2995 ψόγοις
992 2907 1095 2994 κλύῃ·

308 3026 442 3115 οίκτρόν
464 3054 501 3095 τε
521 3030 758 3108 βονκολοῦντα
781 3028 958 3117 φροντίσιν
980 3028 1089 3098 πόθος

310 3149 409 3236 κόρης
432 3176 483 3217 νιν
505 3149 645 3236 είκασμ’,
668 3152 813 3238 ὡσπερεὶ
837 3150 945 3233 ζώσης
968 3150 1027 3226 ἔτι,

309 3276 458 3360 τερπνῶς
481 3272 638 3362 ὑφέρφει,
661 3272 762 3341 πάνθ’
785 3271 837 3340 όσ’
859 3270 1008 3361 ἐμψύχῳ
1031 3275 1164 3358 προσῆν

310 3391 442 3480 ἐράσμι’
465 3393 509 3465 ὡς
531 3393 615 3480 πρὸς
637 3394 723 3481 ὅφιν
746 3392 936 3460 ἀνακόλονν
958 3391 1087 3480 φρενὸς,

309 3513 429 3597 ἐσθῆτι
451 3511 479 3578 δ’
502 3510 716 3600 ἐμπρέποντα
738 3511 928 3603 τιμιωτέρα,

311 3633 367 3701 καὶ
391 3636 497 3716 ζῶντα
517 3636 660 3717 μᾶλλον,
682 3630 903 3722 χάπαλώτερ’
927 3635 959 3703 ἐς
980 3631 1095 3713 βόσιν,

310 3754 416 3836 ῆκάν
438 3754 505 3842 βίῳ
528 3754 742 3843 προῦφαινεν,
765 3751 944 3839 έμπνέονσ’
967 3754 1025 3822 ἔτι.
