2708 4230
535 544 724 610 chVIVA
752 544 906 612 SILENS.

337 799 409 864 Non
429 801 503 867 flore
523 809 651 884 tempus,
675 825 737 867 non
757 802 838 867 foliis
858 810 925 870 erat

337 936 444 981 ornare
464 936 589 981 cenam:
618 938 701 982 nunc
721 917 834 983 Boreae
854 916 927 982 foris

377 1032 521 1114 saevique
540 1032 767 1098 debacchantur
786 1032 861 1096 Euri

417 1147 550 1224 flamina,
572 1170 655 1214 nunc
675 1148 787 1231 glacies
807 1156 899 1212 acuta

336 1263 489 1343 praetexit
509 1263 586 1329 imas
606 1264 731 1346 cuspide
751 1264 880 1346 tegulas,

338 1375 522 1458 horrentque
542 1376 627 1441 dumi
648 1377 786 1443 sentibus
806 1377 914 1460 asperi,

378 1512 440 1571 qua
460 1490 567 1556 crescit
587 1491 620 1554 in
641 1491 732 1557 silvas
753 1492 865 1574 rigenti

421 1604 591 1687 despiciens
610 1606 676 1672 face
696 1605 860 1672 noctiluca.

340 1716 470 1784 audisne
489 1718 582 1783 costis
602 1718 743 1784 arborum
763 1727 801 1785 ut
820 1720 963 1785 insonent

339 1831 418 1897 illisa
437 1833 531 1898 nudis
551 1833 647 1900 ferrea
667 1855 790 1911 cornua,

379 1955 512 2030 pergunt
531 1948 585 2013 ubi
606 1948 758 2014 infuscare
777 1948 872 2014 densa

420 2063 503 2130 nube
522 2064 608 2130 nives
627 2085 711 2130 mare
730 2065 925 2142 fluctuosum,

339 2178 421 2260 quod
441 2188 549 2245 curvat
569 2183 673 2245 oram?
714 2201 817 2262 prome
838 2180 949 2245 cadum
968 2181 1063 2259 meri;

339 2292 452 2358 ciboria
472 2294 579 2376 exple:
607 2294 677 2376 quis
697 2293 826 2375 dapibus
846 2300 946 2359 struet

379 2411 520 2474 mensas?
560 2408 630 2491 quis
650 2416 815 2491 apportans
835 2407 968 2491 benigna

420 2522 506 2605 ligna
525 2545 619 2588 manu
640 2522 810 2588 cumulabit
829 2523 940 2606 ignem,

340 2637 455 2703 ardoris
474 2645 513 2718 ut
533 2637 574 2703 sit
594 2637 642 2702 vis
662 2638 759 2703 solida
778 2638 812 2702 in
832 2639 920 2704 foco?

339 2751 491 2818 demenda
510 2751 604 2816 fronti
623 2751 750 2816 nubila:
778 2752 848 2834 quis
868 2752 985 2831 modus,

379 2872 538 2946 tamquam
559 2864 612 2932 ille
631 2886 694 2930 non
714 2864 801 2931 lectis
821 2865 950 2944 adesset,

422 2979 582 3062 colloquiis
603 2981 662 3045 erit
681 2980 828 3046 usitatis?

341 3094 423 3160 hunc
443 3094 579 3161 dedicari
598 3094 668 3159 vult
689 3095 804 3162 Genius
824 3095 906 3161 diem

341 3209 460 3275 Baccho
482 3217 514 3275 et
534 3209 692 3276 Camenis:
720 3209 768 3287 da,
791 3230 874 3291 puer,
897 3209 987 3287 illius,

380 3324 595 3407 quodcumque
615 3325 658 3391 sit
677 3326 785 3403 factus,
808 3347 864 3392 nec
884 3326 987 3391 absint

423 3442 557 3507 carmina
576 3448 656 3524 quae
676 3443 815 3525 placuere
836 3443 914 3507 vivo.
