2708 4230
402 875 485 933 στάζει
502 871 524 921 δ’
541 874 566 922 ἐν
584 874 651 936 ίπνῳ
667 871 714 936 πρὸ
731 876 828 938 καρδίας

403 971 566 1032 μνησιπήμων
581 972 662 1023 τόνος.

120 1175 157 1241 Β.
196 1174 328 1259 τοσήνδ’
351 1175 403 1265 ἄρ’
426 1175 515 1264 εἶχες
537 1176 573 1244 ἐν
594 1176 682 1264 ῥοπῇ
704 1177 796 1260 βίου’
809 1179 942 1267 σχολὴν

197 1302 274 1370 ὥστ’
297 1304 431 1394 εἰσορᾶν
454 1304 497 1372 τά
519 1304 653 1393 κρυπτά
674 1305 736 1374 τδν
757 1307 853 1396 βυθῷ
876 1306 974 1386 τάδε,·

120 1434 160 1500 Κ.
198 1434 285 1502 οὕτω
307 1433 339 1520 γ’
362 1434 453 1520 ἔδοξε
475 1435 597 1523 καίπερ
619 1437 803 1504 ἐκπνεῦσαι
824 1437 903 1519 βίον

199 1562 350 1646 ζητοῦντά
371 1566 429 1648 μοι
453 1561 540 1648 θάμ’,
563 1562 644 1630 ἀλλ’
667 1565 748 1648 ε’μὴν
769 1565 892 1655 ψυχὴν
913 1566 965 1633 άεὶ

197 1687 328 1777 κλάδων
350 1693 489 1778 κατεῖχε
512 1689 679 1778 φθονερὸς,
701 1691 769 1758 οὐδ’
793 1693 887 1760 είασέ
909 1721 968 1774 νιν,

197 1816 389 1906 ὁρμωμένην
410 1844 484 1906 περ,
506 1820 661 1907 ἐκφυγεῖν
683 1819 767 1907 πρὸς
789 1820 921 1910 αἰθέρος

197 1947 292 2016 κενόν
313 1948 342 2016 τ’
366 1947 506 2036 ἄπειρόν
528 1948 557 2016 τ’
581 1949 684 2036 οἶμον,
708 1950 801 2017 ἀλλὰ
824 1952 957 2036 σώματι

197 2075 303 2159 ἔπνογ’
325 2078 361 2143 ἐν
383 2076 594 2165 ἀσπαίροντα,
616 2078 673 2144 καὶ
692 2077 791 2162 μόλις
812 2077 843 2164 γ’
866 2079 933 2147 ἔσω

197 2207 327 2292 στέγειν
349 2206 407 2294 οἵῳ
430 2233 466 2273 τε
487 2205 533 2289 μὴ
555 2205 582 2278 ’ς
604 2205 643 2274 τὸ
666 2204 741 2292 κῦμ’
765 2208 966 2294 ε’ρυγγάνειν.

122 2335 159 2400 Β.
198 2335 319 2402 οῦκουν
341 2334 387 2402 σῦ
410 2335 504 2424 δεινῷ
526 2333 602 2422 τῷδ’
624 2334 806 2424 άνηγέρθης
827 2336 948 2414 πάθει,·

121 2464 160 2529 K
197 2463 329 2546 ίίκιστα,
353 2463 409 2530 καί
432 2461 498 2550 γάρ
521 2462 659 2544 οὐδέπω,
682 2464 812 2533 θανόνθ’
835 2464 931 2550 ὅμως,

197 2593 319 2682 τοῦναρ
341 2591 375 2679 μ’
398 2593 507 2681 ἀφῆκε
530 2593 628 2673 τοῦτ’,
653 2593 818 2678 ε’ρνηκῦνθη
841 2597 899 2678 μὲν
922 2596 994 2664 οῦν·

199 2722 268 2788 οἷον
291 2721 329 2789 τὸ
351 2721 441 2811 χεῦμ’
464 2721 592 2806 ε’ττῆλθέ
614 2722 647 2808 μ’
672 2722 822 2791 ἐντεῦθεν
845 2727 989 2811 φρενῶν·

197 2850 328 2938 λυγράν
349 2850 415 2937 γάρ
437 2850 572 2919 ἐδόκουν
594 2851 758 2938 διαπερᾶν
780 2847 908 2936 Στυγὸς
929 2851 1017 2936 ῥοὴν,

199 2983 345 3069 πορθμεῖ
364 2980 429 3049 σῦν
451 2981 537 3068 ὠμῷ,
560 2984 607 3069 τῷ
628 2980 657 3050 ’ν
678 2980 793 3068 λόγοις
817 2981 1018 3070 ὑμνουμένην,

193 3110 314 3178 ’Ἃιδου
334 3109 449 3177 πλέων
470 3111 504 3183 ἐς
525 3109 656 3195 δώματ’,
678 3111 777 3196 αιάνῆ
800 3111 935 3179 σκότον·

200 3241 319 3330 ψυχὴν
341 3239 377 3308 δὲ
399 3240 488 3309 τοῦδ’
511 3239 634 3325 ἐδέξατ’
658 3242 691 3309 ἐν
714 3247 837 3329 νεκροῖς
861 3241 956 3327 ξένην

200 3368 363 3458 πρώτισθ’
386 3369 404 3438 ὁ
426 3370 578 3458 γαμβρὸς
601 3355 709 3456 οῦμδς,
730 3370 915 3456 Ὀαρικλῆς
935 3370 1047 3457 μέγας,

203 3497 297 3570 οῦτος
319 3497 347 3564 δ’
370 3497 497 3585 ἔκραξε,
518 3497 601 3566 Τίνα
615 3498 697 3579 7ποτ’
722 3498 792 3566 άντ’
815 3500 977 3568 ἀπιστίας

202 3627 325 3714 εὕροιεν
347 3627 388 3695 δν
409 3627 563 3714 μάστιγα
585 3633 631 3716 τῷ
654 3629 849 3717 Κλαρεντίῳ

203 3751 235 3817 οἱ
255 3757 312 3821 τοῦ
336 3759 509 3822 σκοτεινοῦ
531 3753 628 3822 τοῦδε
650 3753 800 3842 κοίρανοι
820 3760 931 3845 μυχοῦ
938 3783 949 3832 ,·
