2730 4236
516 673 719 740 PERFIDUS
746 673 877 740 AMOR.

237 987 284 1054 Ex
301 990 399 1072 pratis
419 991 452 1057 in
471 999 561 1074 prete
580 1013 694 1075 vagans
714 1013 807 1075 quum
827 991 964 1058 suaviter
983 989 1056 1056 clim

274 1136 432 1218 carpebam
456 1135 565 1203 aestivi
588 1134 740 1219 quidquid
761 1135 883 1202 honoris
907 1144 993 1214 erst3

238 1304 307 1350 cum
330 1283 431 1350 rudius
454 1284 536 1351 inter
559 1284 673 1352 Phoebi
697 1283 839 1368 delapsus
862 1285 985 1351 amendi

279 1432 365 1499 venit
388 1432 422 1497 in
444 1441 585 1516 aspectus
605 1433 720 1501 arbiter
743 1434 809 1518 ipse
831 1456 923 1502 meos.

239 1577 304 1645 liiiu
325 1579 483 1647 nectendis
506 1580 582 1645 mihi
606 1581 740 1647 crinibus
763 1588 846 1664 apta,
870 1580 1014 1648 rubentes

148 1714 151 1719 ⁴
279 1727 470 1804 monstravit,
494 1725 588 1810 cupiti
610 1735 692 1794 sente
714 1733 830 1810 paratu,
853 1748 937 1792 rosus
948 1749 958 1803 ;

240 1900 349 1962 meque
368 1878 445 1945 tulit
463 1877 605 1961 pulchros
625 1878 710 1944 vufrs
729 1878 795 1944 dux
813 1885 881 1946 crte
900 1899 954 1962 per
973 1878 1088 1956 hortos,

281 2048 374 2094 cures
397 2025 514 2093 deliciis
537 2034 624 2109 septu
646 2026 759 2094 referta
782 2027 854 2092 suis.

242 2178 345 2244 Maius
365 2184 450 2258 erut;
477 2197 527 2241 ros
546 2174 645 2241 dulcis
664 2198 746 2258 equs
764 2177 841 2241 mibi
861 2176 996 2244 tinxerat
1015 2178 1089 2256 ulus,

282 2327 353 2410 igne
374 2323 543 2391 calescebat
565 2344 626 2389 vox
648 2343 725 2402 mea,
750 2324 879 2401 Phoebe,
902 2332 958 2390 tuo
969 2347 978 2403 ;

242 2475 346 2541 mollin
369 2496 438 2541 cum
461 2472 558 2539 tucitu
580 2471 657 2538 mihi
679 2473 758 2540 retis
781 2472 889 2540 fraude
909 2472 1052 2551 tetendit,

284 2631 468 2709 ceptumque
491 2631 599 2690 curato
622 2643 741 2690 carcere
763 2621 875 2687 clausit
899 2623 1001 2688 Amor.

243 2773 326 2840 haud
346 2773 451 2857 procul
470 2773 536 2856 ipse
555 2772 648 2850 sedet,
670 2771 824 2855 gestitque
844 2771 951 2838 audire
971 2778 1141 2849 canentem,

285 2942 356 2986 mox
379 2918 471 2986 variis
493 2918 596 2986 ridens
616 2916 698 2982 ludit
721 2916 847 3000 agitque
868 2914 955 2994 dolis,
1036 2905 1082 2993 „rs

246 3067 318 3136 inde
340 3067 417 3134 mihi
435 3074 575 3133 summm
597 3065 775 3133 distendens
796 3064 930 3149 perfidus
953 3063 1043 3142 alum,

286 3222 365 3301 ‘quc
385 3216 445 3283 tibi
467 3215 592 3283 liberius
615 3235 702 3299 posse
724 3213 863 3280 volaret'
890 3221 986 3296 rogat.
