2708 4230
520 454 701 533 ΚΑΙΣΑΡ,
732 455 948 520 ΟΚΤΑΒΙΑ.

229 722 269 788 Ο.
315 724 445 810 χαίρειν
467 723 590 792 κελεύω
618 723 771 812 Καίσαρ’,
795 722 900 812 άνδρα
923 721 1100 804 δεσπότην,

318 866 383 928 τῶν
406 863 435 928 τ’
459 862 494 931 έν
516 865 604 949 γένει
625 889 682 949 μοι
704 861 1003 950 προσφιλέστατον
1025 859 1121 948 κάρα.

231 999 271 1063 K.
316 1002 380 1087 φεῦ
401 1004 459 1067 τοῦ
481 999 514 1066 σ’
539 998 706 1085 ἀδόκιμον,
729 999 766 1066 έκ
788 996 819 1085 χ’
843 1000 923 1082 ἐμοῦ
946 997 1060 1065 κλάειν
1082 995 1174 1064 ποτέ.

232 1137 272 1202 O.
318 1136 411 1204 οίίπω
433 1135 479 1204 σὺ
501 1136 599 1206 τοῦτό
621 1137 656 1222 μ’
679 1135 784 1216 εἶπας,
807 1133 882 1203 οὐδέ
904 1134 938 1200 σ’
962 1133 1033 1202 αίτί
1054 1184 1061 1201 .

233 1276 273 1341 Κ.
315 1275 350 1341 τί
370 1273 410 1358 δη
432 1274 575 1342 λαθοῦσ’
599 1275 746 1358 ἐπῆλθες
753 1301 764 1350 ,·
796 1272 835 1340 οὔ
856 1299 891 1339 τι
912 1271 977 1360 γάρ
1001 1271 1100 1339 κάσει

321 1411 491 1499 Καίσαρος
514 1413 632 1492 ἔοικας,
654 1415 675 1497 ἡ
697 1410 780 1498 «γυνὴ
803 1409 829 1476 δ’
851 1407 1031 1477 Ἀντωνίου

320 1546 445 1615 στόλον
466 1547 672 1633 προπομπὸν
694 1548 750 1614 καὶ
773 1544 963 1635 φρυάγμαθ’
988 1544 1111 1613 ἱππικὰ

321 1687 410 1775 ἔχειν
432 1687 546 1772 ἔμελλ’
569 1687 705 1754 άτωθεν
727 1683 940 1772 άχγέλλοντά
961 1711 1021 1763 νιν,

321 1827 402 1914 πρὶν
424 1827 482 1893 καὶ
503 1831 661 1912 φανῆναι·
694 1823 811 1913 δένδρα
833 1821 862 1890 τ’
887 1825 920 1891 ε’ν
943 1823 1079 1894 κλάδοις
1100 1823 1207 1911 ὄχλον

322 1961 546 2050 ὁδοιποροόση
568 1963 646 2048 τῇδε
667 1961 853 2044 βαστάζειν
876 1959 949 2042 ἔδει,

323 2099 368 2165 τόν
390 2098 417 2165 δ’
440 2101 479 2168 οὐ
501 2098 678 2187 ’κράτησεν
701 2097 810 2166 ἐλπίδ’
834 2098 1026 2182 ε’κθνήσκειν
1048 2098 1151 2187 πόθῳ.

323 2234 412 2308 κόνις
434 2236 494 2321 μέν
517 2237 575 2303 οὖν
598 2238 630 2308 ές
652 2236 756 2304 αἰπὺν
779 2239 920 2324 οὐρανοῦ
942 2235 1049 2304 πόλον

324 2373 438 2462 ὤφειλ’
462 2374 601 2459 ἀνήκειν,
626 2377 684 2442 τοῦ
706 2400 747 2440 σε
768 2375 959 2456 πέμποντος
980 2379 1129 2462 στρατοῦ

324 2513 437 2579 ποδῶν
460 2510 515 2579 ὕπ’
540 2512 767 2578 ἀντέλλουσα·
799 2517 856 2579 νῦν
878 2510 912 2577 δὲ
934 2509 1019 2598 πρός
1041 2509 1144 2579 πόλιν

324 2648 475 2737 κλέψασ’
499 2649 586 2720 ὅπως
608 2676 660 2721 τις
681 2648 824 2735 άχροθεν
846 2648 928 2734 κόρη
951 2645 1040 2714 πόδα

324 2785 384 2870 τὴν
406 2788 501 2854 τοῦδε
522 2785 659 2870 τάνδρὸς
682 2786 907 2874 προίφθασας
929 2783 1129 2871 προθυμίαν,

324 2925 345 3009 ἣ
367 2925 413 3012 μὴ
435 2925 647 3017 ’πιδειχθεῖσ’
671 2926 742 2994 ἔσθ’
765 2925 813 2994 ὅτ’
836 2927 875 2993 οὐ
898 2930 1022 3016 κτᾶταρ
1043 2925 1156 3014 χάριν.

325 3064 508 3149 ἐμέλλομέν
530 3091 587 3132 σοι
609 3066 671 3132 κάν
695 3063 902 3136 θαλασσίαις
924 3062 1012 3135 ὁδοῖς

325 3201 547 3286 ὑπαντιάζειν,
569 3208 630 3287 ιγῆς
652 3203 680 3267 τ’
704 3204 883 3290 ἐπεμβάσῃ
907 3201 1020 3281 πέδου,

325 3340 526 3426 άσπάσματ’
549 3340 763 3427 άρτόσαντες,
786 3342 819 3409 οἳ
838 3346 955 3425 μολεῖν
977 3339 1010 3408 σ’
1034 3340 1146 3431 ἐχρῆν,

326 3482 472 3571 κρείσσω
495 3483 531 3550 δὲ
553 3487 620 3551 τῶν
642 3483 785 3550 ὄπισθεν
807 3484 841 3550 έν
863 3484 959 3570 πάση
982 3481 1088 3550 πόλει.

276 3670 283 3686 .
328 3621 387 3687 οὐκ
409 3621 447 3706 ἐξ
468 3619 619 3706 ἀνάγκης,
643 3621 667 3689 ὦ
690 3621 830 3710 φέριστε
853 3620 1034 3700 δεσποτῶν,

327 3762 515 3843 μονοστιβῆ
539 3758 628 3842 τήνδ’
651 3758 766 3843 ἦλθον,
788 3758 867 3824 ἀλλ’
890 3755 1009 3836 έκοῦσ’,
1032 3755 1114 3825 ὁδόν.
