<?xml version="1.0" encoding="UTF-8"?>
<!DOCTYPE html PUBLIC "-//W3C//DTD XHTML 1.0 Transitional//EN"
    "http://www.w3.org/TR/xhtml1/DTD/xhtml1-transitional.dtd">
<html xmlns="http://www.w3.org/1999/xhtml" xml:lang="en" lang="en">
 <head>
  <title>
</title>
<meta http-equiv="Content-Type" content="text/html;charset=utf-8" />
  <meta name='ocr-system' content='tesseract 3.04.00' />
  <meta name='ocr-capabilities' content='ocr_page ocr_carea ocr_par ocr_line ocrx_word'/>
</head>
<body>
  <div class='ocr_page' id='page_1' title='image "./apismatinaverse00youngoog_0046.png"; bbox 0 0 2708 4230; ppageno 0'>
   <div class='ocr_carea' id='block_1_1' title="bbox 333 688 1142 764">
    <p class='ocr_par' dir='ltr' id='par_1_1' title="bbox 333 688 1142 764">
     <span class='ocr_line' id='line_1_1' title="bbox 333 688 1142 764; baseline 0.009 -10"><span class='ocrx_word' id='word_1_1' title='bbox 333 688 560 758; x_wconf 78' lang='lat' dir='ltr'><strong>MORITURA</strong></span> <span class='ocrx_word' id='word_1_2' title='bbox 591 691 724 758; x_wconf 81' lang='lat' dir='ltr'>SUPER</span> <span class='ocrx_word' id='word_1_3' title='bbox 753 693 933 761; x_wconf 84' lang='lat' dir='ltr'>ORUDELI</span> <span class='ocrx_word' id='word_1_4' title='bbox 964 696 1142 764; x_wconf 81' lang='lat' dir='ltr'>FUNERE.</span> 
     </span>
    </p>
   </div>
   <div class='ocr_carea' id='block_1_2' title="bbox 228 1020 1148 2896">
    <p class='ocr_par' dir='ltr' id='par_1_2' title="bbox 229 1020 994 1259">
     <span class='ocr_line' id='line_1_2' title="bbox 229 1020 973 1106; baseline 0.011 -20"><span class='ocrx_word' id='word_1_5' title='bbox 229 1020 363 1088; x_wconf 79' lang='lat' dir='ltr'>Marcius</span> <span class='ocrx_word' id='word_1_6' title='bbox 383 1044 437 1088; x_wconf 89' lang='lat' dir='ltr'><strong>ora</strong></span> <span class='ocrx_word' id='word_1_7' title='bbox 456 1044 530 1090; x_wconf 89' lang='lat' dir='ltr'><strong>suae</strong></span> <span class='ocrx_word' id='word_1_8' title='bbox 549 1023 636 1091; x_wconf 80' lang='lat' dir='ltr'><strong>videt</strong></span> <span class='ocrx_word' id='word_1_9' title='bbox 655 1024 843 1092; x_wconf 80' lang='lat' dir='ltr'><strong>intabescere</strong></span> <span class='ocrx_word' id='word_1_10' title='bbox 862 1035 973 1106; x_wconf 80' lang='lat' dir='ltr'><strong>natae3</strong></span> 
     </span>
     <span class='ocr_line' id='line_1_3' title="bbox 268 1171 994 1259; baseline 0.001 -22"><span class='ocrx_word' id='word_1_11' title='bbox 268 1171 407 1255; x_wconf 87' lang='lat' dir='ltr'><strong>perculit,</strong></span> <span class='ocrx_word' id='word_1_12' title='bbox 429 1195 457 1253; x_wconf 87' lang='lat' dir='ltr'><strong>a,</strong></span> <span class='ocrx_word' id='word_1_13' title='bbox 478 1182 613 1257; x_wconf 88' lang='lat' dir='ltr'><strong>quantus</strong></span> <span class='ocrx_word' id='word_1_14' title='bbox 634 1175 725 1241; x_wconf 88' lang='lat' dir='ltr'><strong>corda</strong></span> <span class='ocrx_word' id='word_1_15' title='bbox 744 1184 873 1259; x_wconf 89' lang='lat' dir='ltr'><strong>paterna</strong></span> <span class='ocrx_word' id='word_1_16' title='bbox 894 1176 994 1242; x_wconf 88' lang='lat' dir='ltr'><strong>dolor:</strong></span> 
     </span>
    </p>

    <p class='ocr_par' dir='ltr' id='par_1_3' title="bbox 230 1324 1139 1558">
     <span class='ocr_line' id='line_1_4' title="bbox 230 1324 1139 1410; baseline 0.002 -22"><span class='ocrx_word' id='word_1_17' title='bbox 230 1326 336 1405; x_wconf 88' lang='lat' dir='ltr'><strong>‘quern</strong></span> <span class='ocrx_word' id='word_1_18' title='bbox 356 1324 518 1408; x_wconf 81' lang='lat' dir='ltr'><strong>profugum</strong></span> <span class='ocrx_word' id='word_1_19' title='bbox 538 1326 634 1409; x_wconf 83' lang='lat' dir='ltr'>exegi,</span> <span class='ocrx_word' id='word_1_20' title='bbox 656 1327 755 1392; x_wconf 87' lang='lat' dir='ltr'><strong>nubas</strong></span> <span class='ocrx_word' id='word_1_21' title='bbox 776 1326 858 1404; x_wconf 90' lang='lat' dir='ltr'><strong>licet,</strong></span> <span class='ocrx_word' id='word_1_22' title='bbox 880 1327 991 1410; x_wconf 86' lang='lat' dir='ltr'><strong>inquit,</strong></span> <span class='ocrx_word' id='word_1_23' title='bbox 1013 1327 1139 1403; x_wconf 89' lang='lat' dir='ltr'><strong>amanti,</strong></span> 
     </span>
     <span class='ocr_line' id='line_1_5' title="bbox 267 1472 1014 1558; baseline 0.003 -20"><span class='ocrx_word' id='word_1_24' title='bbox 267 1472 353 1539; x_wconf 83' lang='lat' dir='ltr'><strong>nulla</strong></span> <span class='ocrx_word' id='word_1_25' title='bbox 372 1496 456 1540; x_wconf 88' lang='lat' dir='ltr'><strong>mora</strong></span> <span class='ocrx_word' id='word_1_26' title='bbox 476 1475 509 1540; x_wconf 94' lang='lat' dir='ltr'><strong>in</strong></span> <span class='ocrx_word' id='word_1_27' title='bbox 529 1475 626 1554; x_wconf 88' lang='lat' dir='ltr'><strong>nobis,</strong></span> <span class='ocrx_word' id='word_1_28' title='bbox 648 1476 722 1558; x_wconf 90' lang='lat' dir='ltr'><strong>quin</strong></span> <span class='ocrx_word' id='word_1_29' title='bbox 745 1483 913 1554; x_wconf 85' lang='lat' dir='ltr'><strong>revocetur,</strong></span> <span class='ocrx_word' id='word_1_30' title='bbox 934 1474 1014 1541; x_wconf 86' lang='lat' dir='ltr'><strong>erit’</strong></span> 
     </span>
    </p>

    <p class='ocr_par' dir='ltr' id='par_1_4' title="bbox 229 1621 1064 1855">
     <span class='ocr_line' id='line_1_6' title="bbox 229 1621 1064 1702; baseline 0.002 -15"><span class='ocrx_word' id='word_1_31' title='bbox 229 1621 333 1689; x_wconf 90' lang='lat' dir='ltr'><strong>horam</strong></span> <span class='ocrx_word' id='word_1_32' title='bbox 353 1625 444 1690; x_wconf 86' lang='lat' dir='ltr'><strong>aliam</strong></span> <span class='ocrx_word' id='word_1_33' title='bbox 465 1645 504 1691; x_wconf 85' lang='lat' dir='ltr'><strong>ex</strong></span> <span class='ocrx_word' id='word_1_34' title='bbox 523 1624 584 1691; x_wconf 84' lang='lat' dir='ltr'><strong>alia</strong></span> <span class='ocrx_word' id='word_1_35' title='bbox 605 1625 694 1690; x_wconf 83' lang='lat' dir='ltr'><strong>iuxta</strong></span> <span class='ocrx_word' id='word_1_36' title='bbox 713 1625 800 1692; x_wconf 89' lang='lat' dir='ltr'><strong>sedet</strong></span> <span class='ocrx_word' id='word_1_37' title='bbox 819 1624 874 1690; x_wconf 90' lang='lat' dir='ltr'><strong>illa</strong></span> <span class='ocrx_word' id='word_1_38' title='bbox 892 1625 1064 1702; x_wconf 79' lang='lat' dir='ltr'><strong>fenestram,</strong></span> 
     </span>
     <span class='ocr_line' id='line_1_7' title="bbox 268 1770 918 1855; baseline 0.003 -21"><span class='ocrx_word' id='word_1_39' title='bbox 268 1791 307 1837; x_wconf 90' lang='lat' dir='ltr'><strong>ne</strong></span> <span class='ocrx_word' id='word_1_40' title='bbox 327 1770 385 1836; x_wconf 83' lang='lat' dir='ltr'>sibi</span> <span class='ocrx_word' id='word_1_41' title='bbox 406 1793 468 1836; x_wconf 87' lang='lat' dir='ltr'><strong>uon</strong></span> <span class='ocrx_word' id='word_1_42' title='bbox 487 1771 573 1855; x_wconf 83' lang='lat' dir='ltr'><strong>vigili</strong></span> <span class='ocrx_word' id='word_1_43' title='bbox 593 1770 777 1838; x_wconf 75' lang='lat' dir='ltr'><strong>restituatur</strong></span> <span class='ocrx_word' id='word_1_44' title='bbox 796 1793 918 1851; x_wconf 82' lang='lat' dir='ltr'><strong>amans3</strong></span> 
     </span>
    </p>

    <p class='ocr_par' dir='ltr' id='par_1_5' title="bbox 231 1918 1124 2150">
     <span class='ocr_line' id='line_1_8' title="bbox 231 1918 1124 2002; baseline 0.001 -20"><span class='ocrx_word' id='word_1_45' title='bbox 231 1918 352 2002; x_wconf 89' lang='lat' dir='ltr'><strong>iamque</strong></span> <span class='ocrx_word' id='word_1_46' title='bbox 371 1920 468 1987; x_wconf 83' lang='lat' dir='ltr'><strong>redux</strong></span> <span class='ocrx_word' id='word_1_47' title='bbox 488 1918 628 1986; x_wconf 85' lang='lat' dir='ltr'><strong>Helenen</strong></span> <span class='ocrx_word' id='word_1_48' title='bbox 647 1940 723 2002; x_wconf 90' lang='lat' dir='ltr'><strong>puer</strong></span> <span class='ocrx_word' id='word_1_49' title='bbox 743 1919 776 1983; x_wconf 94' lang='lat' dir='ltr'><strong>in</strong></span> <span class='ocrx_word' id='word_1_50' title='bbox 797 1919 931 1986; x_wconf 88' lang='lat' dir='ltr'><strong>statione</strong></span> <span class='ocrx_word' id='word_1_51' title='bbox 950 1926 1124 1987; x_wconf 86' lang='lat' dir='ltr'><strong>manentem</strong></span> 
     </span>
     <span class='ocr_line' id='line_1_9' title="bbox 269 2066 957 2150; baseline -0.001 -18"><span class='ocrx_word' id='word_1_52' title='bbox 269 2066 405 2150; x_wconf 81' lang='lat' dir='ltr'><strong>suspicit,</strong></span> <span class='ocrx_word' id='word_1_53' title='bbox 426 2073 459 2132; x_wconf 90' lang='lat' dir='ltr'><strong>et</strong></span> <span class='ocrx_word' id='word_1_54' title='bbox 478 2087 607 2150; x_wconf 88' lang='lat' dir='ltr'><strong>puerum</strong></span> <span class='ocrx_word' id='word_1_55' title='bbox 628 2066 757 2149; x_wconf 82' lang='lat' dir='ltr'><strong>despicit</strong></span> <span class='ocrx_word' id='word_1_56' title='bbox 777 2066 832 2132; x_wconf 91' lang='lat' dir='ltr'><strong>illa</strong></span> <span class='ocrx_word' id='word_1_57' title='bbox 851 2088 957 2133; x_wconf 88' lang='lat' dir='ltr'><strong>sunm:</strong></span> 
     </span>
    </p>

    <p class='ocr_par' dir='ltr' id='par_1_6' title="bbox 228 2213 1146 2445">
     <span class='ocr_line' id='line_1_10' title="bbox 228 2213 1146 2299; baseline -0.001 -20"><span class='ocrx_word' id='word_1_58' title='bbox 228 2214 357 2299; x_wconf 84' lang='lat' dir='ltr'><strong>despicit</strong></span> <span class='ocrx_word' id='word_1_59' title='bbox 376 2214 512 2282; x_wconf 84' lang='lat' dir='ltr'><strong>arridens</strong></span> <span class='ocrx_word' id='word_1_60' title='bbox 532 2215 636 2294; x_wconf 86' lang='lat' dir='ltr'><strong>oculis,</strong></span> <span class='ocrx_word' id='word_1_61' title='bbox 658 2237 714 2282; x_wconf 91' lang='lat' dir='ltr'><strong>nec</strong></span> <span class='ocrx_word' id='word_1_62' title='bbox 734 2215 778 2282; x_wconf 90' lang='lat' dir='ltr'><strong>sic</strong></span> <span class='ocrx_word' id='word_1_63' title='bbox 797 2223 911 2293; x_wconf 89' lang='lat' dir='ltr'><strong>tamen,</strong></span> <span class='ocrx_word' id='word_1_64' title='bbox 932 2213 1029 2281; x_wconf 82' lang='lat' dir='ltr'><strong>eheu!</strong></span> <span class='ocrx_word' id='word_1_65' title='bbox 1145 2265 1146 2269; x_wconf 65' lang='lat'>,</span> 
     </span>
     <span class='ocr_line' id='line_1_11' title="bbox 268 2360 908 2445; baseline -0.005 -16"><span class='ocrx_word' id='word_1_66' title='bbox 268 2372 343 2431; x_wconf 88' lang='lat' dir='ltr'><strong>nota</strong></span> <span class='ocrx_word' id='word_1_67' title='bbox 362 2371 420 2443; x_wconf 88' lang='lat' dir='ltr'><strong>est,</strong></span> <span class='ocrx_word' id='word_1_68' title='bbox 442 2364 492 2431; x_wconf 92' lang='lat' dir='ltr'><strong>cui</strong></span> <span class='ocrx_word' id='word_1_69' title='bbox 512 2372 580 2429; x_wconf 91' lang='lat' dir='ltr'><strong>toto</strong></span> <span class='ocrx_word' id='word_1_70' title='bbox 600 2364 721 2445; x_wconf 81' lang='lat' dir='ltr'><strong>fugerat</strong></span> <span class='ocrx_word' id='word_1_71' title='bbox 740 2383 792 2428; x_wconf 89' lang='lat' dir='ltr'><strong>ore</strong></span> <span class='ocrx_word' id='word_1_72' title='bbox 811 2360 908 2427; x_wconf 88' lang='lat' dir='ltr'><strong>color:</strong></span> 
     </span>
    </p>

    <p class='ocr_par' dir='ltr' id='par_1_7' title="bbox 231 2506 1148 2743">
     <span class='ocr_line' id='line_1_12' title="bbox 231 2506 1148 2594; baseline -0.004 -16"><span class='ocrx_word' id='word_1_73' title='bbox 231 2514 404 2582; x_wconf 87' lang='lat' dir='ltr'><strong>‘imnemer</strong></span> <span class='ocrx_word' id='word_1_74' title='bbox 423 2533 489 2579; x_wconf 89' lang='lat' dir='ltr'><strong>asse</strong></span> <span class='ocrx_word' id='word_1_75' title='bbox 508 2511 578 2590; x_wconf 89' lang='lat' dir='ltr'><strong>mei,</strong></span> <span class='ocrx_word' id='word_1_76' title='bbox 599 2517 686 2594; x_wconf 87' lang='lat' dir='ltr'><strong>potes</strong></span> <span class='ocrx_word' id='word_1_77' title='bbox 705 2510 864 2576; x_wconf 89' lang='lat' dir='ltr'><strong>immemor</strong></span> <span class='ocrx_word' id='word_1_78' title='bbox 883 2506 1148 2590; x_wconf 66' lang='lat' dir='ltr'><strong>osser-puellas</strong></span> 
     </span>
     <span class='ocr_line' id='line_1_13' title="bbox 269 2654 967 2743; baseline -0.017 -11"><span class='ocrx_word' id='word_1_79' title='bbox 269 2683 403 2731; x_wconf 88' lang='lat' dir='ltr'><strong>maerore</strong></span> <span class='ocrx_word' id='word_1_80' title='bbox 423 2662 603 2743; x_wconf 78' lang='lat' dir='ltr'><strong>absumptae</strong></span> <span class='ocrx_word' id='word_1_81' title='bbox 623 2680 683 2725; x_wconf 86' lang='lat' dir='ltr'><strong>vex</strong></span> <span class='ocrx_word' id='word_1_82' title='bbox 702 2679 740 2726; x_wconf 89' lang='lat' dir='ltr'><strong>ea</strong></span> <span class='ocrx_word' id='word_1_83' title='bbox 759 2677 879 2724; x_wconf 90' lang='lat' dir='ltr'><strong>summa</strong></span> <span class='ocrx_word' id='word_1_84' title='bbox 898 2654 967 2720; x_wconf 85' lang='lat' dir='ltr'><strong>fuit.</strong></span> 
     </span>
    </p>

    <p class='ocr_par' dir='ltr' id='par_1_8' title="bbox 230 2804 1091 2896">
     <span class='ocr_line' id='line_1_14' title="bbox 230 2804 1091 2896; baseline -0.012 -17"><span class='ocrx_word' id='word_1_85' title='bbox 230 2814 303 2896; x_wconf 90' lang='lat' dir='ltr'><strong>quid</strong></span> <span class='ocrx_word' id='word_1_86' title='bbox 323 2811 450 2896; x_wconf 84' lang='lat' dir='ltr'><strong>gemitu,</strong></span> <span class='ocrx_word' id='word_1_87' title='bbox 472 2809 650 2886; x_wconf 82' lang='lat' dir='ltr'><strong>miserande,</strong></span> <span class='ocrx_word' id='word_1_88' title='bbox 671 2808 763 2886; x_wconf 87' lang='lat' dir='ltr'><strong>valet,</strong></span> <span class='ocrx_word' id='word_1_89' title='bbox 785 2805 861 2890; x_wconf 90' lang='lat' dir='ltr'><strong>quid</strong></span> <span class='ocrx_word' id='word_1_90' title='bbox 880 2804 1004 2871; x_wconf 89' lang='lat' dir='ltr'><strong>fletibus</strong></span> <span class='ocrx_word' id='word_1_91' title='bbox 1025 2805 1091 2870; x_wconf 71' lang='lat' dir='ltr'><strong>uti?</strong></span> 
     </span>
    </p>
   </div>
   <div class='ocr_carea' id='block_1_3' title="bbox 269 2950 949 3039">
    <p class='ocr_par' dir='ltr' id='par_1_9' title="bbox 269 2950 949 3039">
     <span class='ocr_line' id='line_1_15' title="bbox 269 2950 949 3039; baseline -0.015 -16"><span class='ocrx_word' id='word_1_92' title='bbox 269 2956 382 3039; x_wconf 80' lang='lat' dir='ltr'><strong>frigent</strong></span> <span class='ocrx_word' id='word_1_93' title='bbox 402 2953 554 3021; x_wconf 84' lang='lat' dir='ltr'><strong>exstincto</strong></span> <span class='ocrx_word' id='word_1_94' title='bbox 575 2971 630 3018; x_wconf 90' lang='lat' dir='ltr'><strong>ceu</strong></span> <span class='ocrx_word' id='word_1_95' title='bbox 651 2951 727 3016; x_wconf 90' lang='lat' dir='ltr'><strong>cinis</strong></span> <span class='ocrx_word' id='word_1_96' title='bbox 747 2950 817 3033; x_wconf 77' lang='lat' dir='ltr'><strong>igne</strong></span> <span class='ocrx_word' id='word_1_97' title='bbox 836 2968 949 3032; x_wconf 83' lang='lat' dir='ltr'><strong>genae:</strong></span> 
     </span>
    </p>
   </div>
   <div class='ocr_carea' id='block_1_4' title="bbox 231 3097 983 3191">
    <p class='ocr_par' dir='ltr' id='par_1_10' title="bbox 231 3097 983 3191">
     <span class='ocr_line' id='line_1_16' title="bbox 231 3097 983 3191; baseline -0.011 -19"><span class='ocrx_word' id='word_1_98' title='bbox 231 3107 295 3191; x_wconf 91' lang='lat' dir='ltr'><strong>ipse</strong></span> <span class='ocrx_word' id='word_1_99' title='bbox 314 3128 398 3172; x_wconf 90' lang='lat' dir='ltr'><strong>amor</strong></span> <span class='ocrx_word' id='word_1_100' title='bbox 418 3105 570 3170; x_wconf 85' lang='lat' dir='ltr'><strong>incassum</strong></span> <span class='ocrx_word' id='word_1_101' title='bbox 589 3100 696 3184; x_wconf 82' lang='lat' dir='ltr'><strong>rigidis</strong></span> <span class='ocrx_word' id='word_1_102' title='bbox 715 3122 772 3166; x_wconf 92' lang='lat' dir='ltr'><strong>sua</strong></span> <span class='ocrx_word' id='word_1_103' title='bbox 790 3099 860 3182; x_wconf 76' lang='lat' dir='ltr'><strong>figit</strong></span> <span class='ocrx_word' id='word_1_104' title='bbox 879 3097 983 3166; x_wconf 85' lang='lat' dir='ltr'><strong>ocellis</strong></span> 
     </span>
    </p>
   </div>
   <div class='ocr_carea' id='block_1_5' title="bbox 270 3245 978 3335">
    <p class='ocr_par' dir='ltr' id='par_1_11' title="bbox 270 3245 978 3335">
     <span class='ocr_line' id='line_1_17' title="bbox 270 3245 978 3335; baseline -0.014 -13"><span class='ocrx_word' id='word_1_105' title='bbox 270 3255 381 3335; x_wconf 87' lang='lat' dir='ltr'><strong>oscula,</strong></span> <span class='ocrx_word' id='word_1_106' title='bbox 402 3275 459 3321; x_wconf 90' lang='lat' dir='ltr'><strong>nec</strong></span> <span class='ocrx_word' id='word_1_107' title='bbox 479 3253 556 3319; x_wconf 87' lang='lat' dir='ltr'><strong>solvi</strong></span> <span class='ocrx_word' id='word_1_108' title='bbox 576 3272 639 3333; x_wconf 89' lang='lat' dir='ltr'><strong>qua</strong></span> <span class='ocrx_word' id='word_1_109' title='bbox 657 3269 746 3333; x_wconf 89' lang='lat' dir='ltr'><strong>prece</strong></span> <span class='ocrx_word' id='word_1_110' title='bbox 767 3255 856 3331; x_wconf 79' lang='lat' dir='ltr'><strong>cogat</strong></span> <span class='ocrx_word' id='word_1_111' title='bbox 876 3245 978 3313; x_wconf 88' lang='lat' dir='ltr'><strong>habet</strong></span> 
     </span>
    </p>
   </div>
   <div class='ocr_carea' id='block_1_6' title="bbox 0 0 1362 4230">
    <p class='ocr_par' dir='ltr' id='par_1_12' title="bbox 0 0 1362 4230">
     <span class='ocr_line' id='line_1_18' title="bbox 0 0 1362 4230; baseline 0 0"><span class='ocrx_word' id='word_1_112' title='bbox 0 0 1362 4230; x_wconf 95' lang='lat' dir='ltr'><strong> </strong></span> 
     </span>
    </p>
   </div>
  </div>
 </body>
</html>
