2708 4230
404 1356 515 1423 ERAT
543 1356 637 1423 'PUM
663 1357 824 1425 DIGNUS
851 1358 1003 1427 AMARI.

238 1664 313 1732 Oare
333 1665 398 1744 diu,
418 1686 475 1733 nec
495 1667 589 1750 digne
608 1667 711 1733 minue
732 1669 786 1751 qui
807 1689 924 1752 semper
943 1671 1072 1738 ameris!

278 1828 370 1888 quam
390 1807 478 1874 vania
497 1807 619 1874 maduit
638 1808 764 1875 fletibus
784 1810 845 1876 iste
864 1815 973 1894 rogus!

234 1953 311 2027 quot
329 1947 555 2030 respondebant
575 1947 697 2014 animae
717 1948 854 2016 lamenta
873 1950 986 2034 fugaci,

275 2086 384 2152 mortis
404 2086 458 2151 ubi
479 2087 596 2170 incepit
615 2095 650 2154 te
669 2089 805 2156 cruciare
825 2089 929 2156 dolor!

235 2228 284 2294 ein
304 2228 446 2296 lacrimae
466 2228 580 2296 scirent
600 2230 767 2296 instantem
788 2251 891 2298 arcere
909 2237 1086 2314 tyrannum,

274 2368 397 2436 flectere
417 2368 453 2448 si,
474 2369 558 2437 flecti
578 2370 692 2448 nescia,
712 2370 777 2437 tela
797 2392 920 2454 preces3

232 2508 343 2574 virtuti
364 2508 391 2573 si
411 2507 514 2574 danda
533 2509 613 2576 foret
633 2531 728 2588 mora,
750 2509 840 2592 siqua
859 2510 1015 2590 iuventae,

273 2648 364 2714 sciret
384 2648 411 2714 si
431 2647 544 2716 Veneri
564 2648 649 2714 Mors
670 2648 746 2715 dare
766 2656 858 2732 capta
877 2671 998 2729 manue,

232 2787 322 2852 vivus
341 2807 407 2854 erae
426 2786 528 2864 hodie,
549 2787 603 2869 qui
623 2786 742 2852 lumina
761 2794 868 2854 nostra
887 2787 1010 2854 iuvaree

274 2951 372 3014 aegra,
395 2931 488 2998 decus
508 2930 582 2996 sccii
602 2930 792 3013 deliciaeque
812 2930 870 2996 tui.

233 3071 282 3138 ein
301 3070 388 3137 mitis
406 3077 464 3136 tua
482 3070 562 3138 forte
582 3069 684 3136 locum
705 3070 907 3138 circumvolat
926 3072 1043 3152 umbra,

273 3211 374 3294 putris
394 3210 449 3276 ubi
468 3211 570 3277 iaetus
589 3233 673 3278 nunc
692 3211 774 3279 iacet
794 3212 855 3278 iste
873 3211 969 3293 cinie;

229 3352 280 3419 hic
299 3352 358 3418 tibi
379 3351 544 3418 Phidiacae
562 3351 683 3434 gravior
703 3374 795 3435 quam
816 3352 953 3420 ereditur
972 3354 1034 3420 arti

271 3491 304 3557 in
324 3498 431 3557 nostro
450 3491 557 3557 luctus
577 3491 668 3558 corde
687 3491 835 3576 legendus
854 3491 922 3559 erit

231 3651 303 3714 ergo
323 3629 411 3695 nulla
429 3637 543 3697 notant
562 3629 712 3697 humilem
732 3631 790 3697 tibi
810 3654 961 3699 marmora
979 3633 1114 3716 lectnm3

273 3769 360 3855 signa
379 3770 423 3836 ibi
443 3770 531 3851 flent,
552 3771 693 3854 quamvis
713 3771 842 3855 torpide,
865 3772 937 3839 viva
955 3779 1069 3842 tamen.
