2708 4230
475 1050 680 1118 EPISTULA
707 1049 761 1116 DII
788 1049 997 1117 AMICITIA.

233 1334 346 1401 Lustra
365 1340 556 1401 senescentes
575 1332 637 1398 ium
658 1329 794 1414 quinque
813 1331 1005 1415 peregimus:
1034 1331 1122 1410 eheu,

234 1487 326 1548 quum
346 1465 409 1532 cito
428 1472 550 1547 tempus
571 1463 637 1529 abit
647 1485 656 1542 ;
685 1462 728 1529 sic
748 1471 930 1543 esttamen,
952 1464 1068 1546 optime
1087 1464 1182 1543 Ineii,

232 1618 272 1664 ex
291 1619 361 1680 quo,
383 1618 545 1679 congressu
566 1617 622 1663 nec
641 1618 709 1662 rere
729 1603 763 1663 et
783 1616 901 1679 semper
920 1617 1057 1676 amoeno,

232 1730 313 1795 sicut
332 1729 499 1795 amicorum
518 1751 584 1795 mos
604 1736 660 1808 est,
682 1727 765 1793 soliti
785 1750 890 1793 sumus
909 1728 1016 1794 horem

231 1860 337 1928 fellere
355 1861 573 1944 longinquam:
601 1883 683 1927 nunc
703 1860 756 1927 ille
776 1861 933 1927 intercidit
954 1883 1037 1928 usus.

230 1995 331 2078 ploret
349 1996 398 2061 uti
419 1995 544 2077 quidum
565 1994 648 2060 docti
668 2014 804 2061 sermone
824 1994 957 2073 Terenti,

231 2129 279 2194 vir
298 2128 485 2213 gravis-illi
505 2128 601 2211 igitur
620 2148 760 2210 praesens
779 2126 824 2191 nil
844 2102 996 2209 discrepet
1016 2133 1144 2194 setes-

233 2260 301 2343 pol!
330 2282 422 2343 quem
442 2259 593 2326 nescimus
614 2257 688 2340 quid
709 2256 841 2322 crastina
860 2257 993 2340 proferat
1013 2256 1097 2335 horu,

232 2401 322 2460 tenta
341 2392 478 2460 homines
498 2399 600 2458 verset
619 2411 720 2457 rerum
740 2388 956 2455 inconstantis.
998 2409 1108 2472 nempe

232 2531 335 2589 mutet
355 2531 466 2590 cuncte
485 2524 561 2603 dies,
582 2525 643 2590 fors
663 2533 696 2592 et
717 2523 845 2591 divellet
865 2522 996 2600 umiccs3

232 2676 294 2719 non
314 2653 383 2720 ideo
403 2661 527 2720 mutent
547 2655 683 2721 animum
704 2655 758 2738 qui
777 2676 840 2720 non
859 2652 920 2719 nisi
939 2659 1042 2718 tractu

232 2786 452 2871 disiunguntur
471 2788 557 2871 egri:
585 2788 667 2871 quod
688 2788 715 2854 si
735 2788 804 2871 quis
824 2786 925 2852 dicere
943 2805 1050 2851 verum

231 2941 281 2988 me
300 2926 402 3004 neget,
423 2919 624 3002 ubnnerr'tque
644 2918 745 2995 fidem,
766 2925 799 2984 te
819 2916 936 2982 scilicet
955 2936 1052 2978 unum

231 3053 338 3120 testari
359 3060 408 3119 sat
427 3053 495 3131 erit,
517 3074 618 3132 verax,
639 3060 673 3121 te
692 3060 783 3129 teste,
804 3050 958 3136 probebor.

272 3185 333 3265 Qui
352 3185 390 3251 fit
410 3205 500 3268 saepe
520 3185 622 3268 igitur,
643 3185 706 3251 labi
726 3208 796 3252 cum
816 3183 964 3267 inceperit
983 3188 1077 3260 setes,

230 3330 267 3387 ut
287 3343 364 3403 quos
385 3319 569 3386 credidimus
588 3320 676 3387 nobis
696 3321 760 3387 iore
780 3340 897 3402 semper
916 3317 1040 3396 amicus,

229 3455 274 3521 nil
293 3456 367 3523 licet
386 3455 533 3522 ceciderit
553 3463 675 3521 moveat
695 3454 777 3538 qncd
797 3453 896 3536 iurgiu
916 3459 949 3518 et
968 3452 1037 3528 irus,

229 3588 339 3656 horum
359 3587 484 3656 deficiet
502 3588 584 3653 bone
602 3609 682 3671 pers,
703 3595 759 3653 eut
778 3587 865 3653 nullu
885 3587 1026 3671 supersit,

227 3727 305 3803 quot
324 3720 389 3787 sint
409 3740 541 3802 cumque
562 3727 651 3786 vetus
670 3741 747 3802 quos
767 3718 968 3786 adsociaverit
987 3720 1084 3784 usus?
