2708 4230
230 1560 374 1643 Dixerat3
403 1570 476 1630 ante
496 1562 589 1646 pedes
609 1564 758 1630 sternenti
778 1564 812 1628 in
832 1562 956 1646 pulvere
975 1563 1106 1631 frontem

229 1701 345 1768 halitus
365 1703 454 1768 uxori
474 1725 529 1787 per
549 1703 627 1770 colla
647 1724 745 1771 errare
765 1704 889 1771 videtur

230 1842 317 1925 regis,
339 1843 458 1925 etipse
477 1865 587 1908 manus
608 1864 697 1910 caeca
717 1843 751 1907 in
771 1844 900 1927 caligine
919 1853 1040 1910 motans

231 1993 303 2049 vota
322 1984 374 2067 pio
394 1984 497 2067 lapsae
518 2006 610 2068 supra
630 1992 723 2067 caput
743 1985 855 2052 addere
874 1994 973 2069 gestu.

269 2192 346 2260 haec
367 2192 453 2270 adeo,
475 2191 653 2258 auscultans
673 2192 769 2259 donec
790 2194 903 2259 ferrata
923 2191 1044 2259 silescat

230 2333 336 2416 planta
355 2334 533 2413 recedentis,
554 2333 682 2417 pallenti
702 2332 835 2415 denique
854 2332 945 2398 vultu

230 2496 263 2542 se
282 2477 373 2552 levat,
395 2477 574 2559 incertaque
593 2498 687 2542 manu
708 2474 788 2558 petit
808 2496 898 2559 aegra
918 2475 1092 2554 fenestram,

230 2616 256 2681 si
276 2615 355 2682 forte
375 2614 534 2698 adspiciat,
555 2615 644 2681 fallat
663 2622 769 2681 tamen
789 2615 855 2698 ipsa
875 2615 978 2682 mariti

231 2756 417 2840 adspectum.
460 2777 530 2823 ecce
550 2764 653 2823 autem
673 2778 728 2824 rex
748 2779 814 2824 sese
834 2757 875 2823 ad
894 2756 989 2826 limen
1008 2759 1118 2840 agebat

228 2905 334 2963 vectus
355 2917 449 2980 equo:
477 2897 582 2963 tristes
602 2897 701 2975 iuxta,
722 2897 775 2980 pia
794 2897 895 2975 turba,
917 2896 1075 2964 ministrae

230 3046 315 3104 stent
336 3047 459 3122 sumpta
478 3038 545 3104 face
565 3058 704 3122 quaeque
725 3060 791 3115 sua,
812 3038 924 3121 quibus
944 3037 996 3105 ille
1016 3059 1188 3120 supremam

230 3180 395 3245 mandabat
415 3201 519 3246 curam
539 3178 643 3244 uxoris
663 3199 841 3262 semperque
861 3179 995 3246 tuendae

231 3318 370 3385 officium
413 3317 506 3385 facies
525 3317 723 3384 absconditur
743 3339 811 3384 aere
831 3316 992 3400 loquentis,

231 3459 372 3540 quitum
392 3456 490 3522 divini
510 3456 640 3541 speciem
660 3457 755 3523 dabat
775 3457 844 3537 oris,
866 3466 900 3523 at
919 3457 1020 3541 ipsum

231 3599 299 3666 luce
319 3598 495 3665 lacessitum
515 3597 734 3682 madidumque
753 3620 864 3682 vapore
884 3598 1044 3667 draconem

101 3786 106 3793 -
232 3738 396 3805 scintillare
414 3738 499 3806 videt
519 3746 702 3821 noctemque
720 3739 883 3807 accendere
902 3739 995 3806 fumo.
