2708 4230
591 1000 640 1066 IN
668 1000 832 1067 OBI'PUM

495 1185 620 1252 PUERI
647 1184 927 1252 DILEO'PISSIMI

620 1370 653 1436 'll
684 1371 731 1437 W.
762 1372 800 1436 A.

249 1668 328 1747 Heu,
350 1667 469 1752 geniale
488 1672 599 1750 eaput!
621 1690 691 1733 aum
711 1668 764 1732 vix
784 1666 956 1734 adoleverat
976 1674 1071 1745 aetas,

288 1816 339 1883 eui
359 1817 454 1883 subiit
473 1824 612 1882 nostrum
633 1823 665 1883 te
686 1836 807 1899 quoque
826 1837 913 1898 posse
932 1815 1019 1898 rapit

247 1972 280 2031 te
299 1965 427 2032 levitate
445 1965 568 2047 pedum,
588 1966 676 2031 fi1m0
696 1973 729 2032 te
749 1966 855 2032 robore
874 1961 1026 2043 ovantem,

287 2112 489 2195 heredemque
508 2121 583 2179 tuae
603 2114 787 2195 deliciasque
808 2115 938 2178 domus?

248 2281 319 2325 uam
339 2281 439 2342 neque
457 2261 652 2342 prospiciens,
673 2268 710 2324 ut
730 2260 824 2326 frater
845 2260 991 2338 amabilis,
1015 2260 1114 2325 ictum

288 2407 376 2472 tarda
396 2407 561 2491 languebas
581 2410 614 2473 iu
635 2418 691 2473 tua
710 2409 776 2473 fata
796 2431 898 2487 mora3

248 2577 303 2621 neu
323 2576 458 2632 messem,
482 2555 569 2621 velut
588 2555 648 2633 ille,
670 2555 769 2620 ferens
790 2563 929 2619 maturus
951 2554 1083 2636 opimam

287 2711 395 2785 sponte
416 2703 510 2768 dabas
531 2702 611 2780 falci,
632 2724 712 2784 quae
731 2703 911 2784 legerentur,
934 2725 1013 2785 opes.

248 2861 282 2917 at
302 2853 397 2918 sosius
417 2853 499 2918 inter
518 2851 695 2916 notissimus
716 2875 805 2931 unus,
828 2852 943 2918 amisus

287 3003 374 3081 nulli,
396 3003 472 3084 quin
491 3003 615 3085 penitus
635 3001 810 3084 diligereris,
833 3023 920 3066 eras:

248 3174 337 3234 quem
358 3173 463 3234 regum
484 3153 560 3218 ille*
580 3173 674 3234 nepos
695 3152 792 3215 fidum
812 3151 869 3215 sibi
891 3151 986 3216 sensit
1006 3151 1149 3217 Achaten
1160 3175 1168 3230 ;

288 3326 343 3369 nec
363 3303 477 3386 puduit
497 3304 610 3369 teneris
631 3323 721 3384 saepe
741 3301 861 3366 dedisse
881 3322 997 3365 manus.

246 3452 326 3518 idem
347 3452 464 3532 aliquid
484 3453 634 3533 vultuque
654 3451 743 3515 hilari
765 3450 939 3531 salibusque
961 3449 1094 3526 valebas,

287 3603 356 3684 plus
376 3610 481 3668 tamen
502 3601 617 3684 ingenii
638 3599 835 3680 simplicitate
855 3599 923 3675 tui3

544 3778 558 3801 ⁴⁶
576 3776 631 3826 The
648 3776 723 3826 Duke
740 3776 769 3825 of
784 3776 882 3824 Genea.
