<?xml version="1.0" encoding="UTF-8"?>
<!DOCTYPE html PUBLIC "-//W3C//DTD XHTML 1.0 Transitional//EN"
    "http://www.w3.org/TR/xhtml1/DTD/xhtml1-transitional.dtd">
<html xmlns="http://www.w3.org/1999/xhtml" xml:lang="en" lang="en">
 <head>
  <title>
</title>
<meta http-equiv="Content-Type" content="text/html;charset=utf-8" />
  <meta name='ocr-system' content='tesseract 3.04.00' />
  <meta name='ocr-capabilities' content='ocr_page ocr_carea ocr_par ocr_line ocrx_word'/>
</head>
<body>
  <div class='ocr_page' id='page_1' title='image "./apismatinaverse00youngoog_0126.png"; bbox 0 0 2708 4230; ppageno 0'>
   <div class='ocr_carea' id='block_1_1' title="bbox 408 1051 848 1279">
    <p class='ocr_par' dir='ltr' id='par_1_1' title="bbox 408 1051 848 1279">
     <span class='ocr_line' id='line_1_1' title="bbox 510 1051 746 1117; baseline 0 -1"><span class='ocrx_word' id='word_1_1' title='bbox 510 1051 549 1116; x_wconf 83' lang='lat' dir='ltr'>Iu</span> <span class='ocrx_word' id='word_1_2' title='bbox 569 1051 746 1117; x_wconf 82' lang='lat' dir='ltr'>Muuoumu</span> 
     </span>
     <span class='ocr_line' id='line_1_2' title="bbox 408 1199 848 1279; baseline 0 -15"><span class='ocrx_word' id='word_1_3' title='bbox 408 1199 588 1267; x_wconf 79' lang='lat' dir='ltr'>ROBER&#39;FI</span> <span class='ocrx_word' id='word_1_4' title='bbox 617 1199 848 1279; x_wconf 75' lang='lat' dir='ltr'>GRIMSTON,</span> 
     </span>
    </p>
   </div>
   <div class='ocr_carea' id='block_1_2' title="bbox 510 1347 753 1415">
    <p class='ocr_par' dir='ltr' id='par_1_2' title="bbox 510 1347 753 1415">
     <span class='ocr_line' id='line_1_3' title="bbox 510 1347 753 1415; baseline 0.012 -3"><span class='ocrx_word' id='word_1_5' title='bbox 510 1347 753 1415; x_wconf 77' lang='lat' dir='ltr'>Hmsovmusm.</span> 
     </span>
    </p>
   </div>
   <div class='ocr_carea' id='block_1_3' title="bbox 285 1532 973 1599">
    <p class='ocr_par' dir='ltr' id='par_1_3' title="bbox 285 1532 973 1599">
     <span class='ocr_line' id='line_1_4' title="bbox 285 1532 973 1599; baseline 0.001 -1"><span class='ocrx_word' id='word_1_6' title='bbox 285 1532 376 1599; x_wconf 86' lang='lat' dir='ltr'>0s11r</span> <span class='ocrx_word' id='word_1_7' title='bbox 395 1533 527 1598; x_wconf 78' lang='lat' dir='ltr'>a.d,vr1.</span> <span class='ocrx_word' id='word_1_8' title='bbox 551 1533 595 1598; x_wconf 82' lang='lat' dir='ltr'>Iu.</span> <span class='ocrx_word' id='word_1_9' title='bbox 612 1533 722 1598; x_wconf 81' lang='lat' dir='ltr'>Arum.</span> <span class='ocrx_word' id='word_1_10' title='bbox 746 1550 973 1599; x_wconf 77' lang='lat' dir='ltr'>uucccsxxxm.</span> 
     </span>
    </p>
   </div>
   <div class='ocr_carea' id='block_1_4' title="bbox 164 1762 1045 3560">
    <p class='ocr_par' dir='ltr' id='par_1_4' title="bbox 164 1762 1045 3560">
     <span class='ocr_line' id='line_1_5' title="bbox 164 1762 937 1848; baseline -0.004 -17"><span class='ocrx_word' id='word_1_11' title='bbox 164 1765 250 1831; x_wconf 91' lang='lat' dir='ltr'>Ulmi</span> <span class='ocrx_word' id='word_1_12' title='bbox 269 1765 452 1848; x_wconf 87' lang='lat' dir='ltr'>despiciunt,</span> <span class='ocrx_word' id='word_1_13' title='bbox 474 1765 616 1829; x_wconf 86' lang='lat' dir='ltr'>umbrosa</span> <span class='ocrx_word' id='word_1_14' title='bbox 636 1763 805 1842; x_wconf 86' lang='lat' dir='ltr'>cacumina,</span> <span class='ocrx_word' id='word_1_15' title='bbox 826 1762 937 1843; x_wconf 82' lang='lat' dir='ltr'>lud0s3</span> 
     </span>
     <span class='ocr_line' id='line_1_6' title="bbox 205 1894 929 1978; baseline -0.007 -14"><span class='ocrx_word' id='word_1_16' title='bbox 205 1896 267 1964; x_wconf 89' lang='lat' dir='ltr'>sole</span> <span class='ocrx_word' id='word_1_17' title='bbox 286 1897 389 1963; x_wconf 82' lang='lat' dir='ltr'>nitens</span> <span class='ocrx_word' id='word_1_18' title='bbox 408 1903 533 1962; x_wconf 86' lang='lat' dir='ltr'>resonat</span> <span class='ocrx_word' id='word_1_19' title='bbox 552 1916 675 1978; x_wconf 80' lang='lat' dir='ltr'>caespes</span> <span class='ocrx_word' id='word_1_20' title='bbox 696 1903 734 1960; x_wconf 93' lang='lat' dir='ltr'>ut</span> <span class='ocrx_word' id='word_1_21' title='bbox 754 1902 829 1960; x_wconf 90' lang='lat' dir='ltr'>ante</span> <span class='ocrx_word' id='word_1_22' title='bbox 848 1894 929 1977; x_wconf 89' lang='lat' dir='ltr'>pilis,</span> 
     </span>
     <span class='ocr_line' id='line_1_7' title="bbox 167 2028 880 2112; baseline -0.001 -17"><span class='ocrx_word' id='word_1_23' title='bbox 167 2029 272 2097; x_wconf 86' lang='lat' dir='ltr'>ordine</span> <span class='ocrx_word' id='word_1_24' title='bbox 292 2051 354 2112; x_wconf 86' lang='lat' dir='ltr'>qua</span> <span class='ocrx_word' id='word_1_25' title='bbox 373 2029 465 2106; x_wconf 89' lang='lat' dir='ltr'>iusto,</span> <span class='ocrx_word' id='word_1_26' title='bbox 489 2028 554 2093; x_wconf 87' lang='lat' dir='ltr'>Mai</span> <span class='ocrx_word' id='word_1_27' title='bbox 575 2028 767 2111; x_wconf 88' lang='lat' dir='ltr'>patientibus</span> <span class='ocrx_word' id='word_1_28' title='bbox 787 2029 880 2108; x_wconf 88' lang='lat' dir='ltr'>heris,</span> 
     </span>
     <span class='ocr_line' id='line_1_8' title="bbox 206 2157 930 2242; baseline 0.003 -19"><span class='ocrx_word' id='word_1_29' title='bbox 206 2157 321 2242; x_wconf 87' lang='lat' dir='ltr'>proelia</span> <span class='ocrx_word' id='word_1_30' title='bbox 341 2158 418 2224; x_wconf 88' lang='lat' dir='ltr'>dant</span> <span class='ocrx_word' id='word_1_31' title='bbox 438 2158 563 2224; x_wconf 75' lang='lat' dir='ltr'><strong>strictae</strong></span> <span class='ocrx_word' id='word_1_32' title='bbox 583 2179 645 2223; x_wconf 88' lang='lat' dir='ltr'>nen</span> <span class='ocrx_word' id='word_1_33' title='bbox 666 2157 791 2224; x_wconf 89' lang='lat' dir='ltr'>inimica</span> <span class='ocrx_word' id='word_1_34' title='bbox 811 2181 930 2225; x_wconf 88' lang='lat' dir='ltr'>manus.</span> 
     </span>
     <span class='ocr_line' id='line_1_9' title="bbox 167 2288 914 2372; baseline -0.001 -17"><span class='ocrx_word' id='word_1_35' title='bbox 167 2297 202 2355; x_wconf 89' lang='lat' dir='ltr'>at</span> <span class='ocrx_word' id='word_1_36' title='bbox 221 2298 324 2356; x_wconf 88' lang='lat' dir='ltr'>custos</span> <span class='ocrx_word' id='word_1_37' title='bbox 344 2289 419 2367; x_wconf 89' lang='lat' dir='ltr'>ludi,</span> <span class='ocrx_word' id='word_1_38' title='bbox 442 2290 488 2354; x_wconf 82' lang='lat' dir='ltr'>nil</span> <span class='ocrx_word' id='word_1_39' title='bbox 508 2311 618 2355; x_wconf 88' lang='lat' dir='ltr'>curans</span> <span class='ocrx_word' id='word_1_40' title='bbox 637 2288 770 2372; x_wconf 88' lang='lat' dir='ltr'>amplius</span> <span class='ocrx_word' id='word_1_41' title='bbox 789 2288 914 2355; x_wconf 79' lang='lat' dir='ltr'>herbam</span> 
     </span>
     <span class='ocr_line' id='line_1_10' title="bbox 208 2421 931 2504; baseline 0.001 -18"><span class='ocrx_word' id='word_1_42' title='bbox 208 2421 262 2503; x_wconf 89' lang='lat' dir='ltr'>qui</span> <span class='ocrx_word' id='word_1_43' title='bbox 283 2421 328 2487; x_wconf 90' lang='lat' dir='ltr'>sol</span> <span class='ocrx_word' id='word_1_44' title='bbox 348 2421 502 2501; x_wconf 77' lang='lat' dir='ltr'>laetificet,</span> <span class='ocrx_word' id='word_1_45' title='bbox 525 2441 604 2504; x_wconf 91' lang='lat' dir='ltr'>quae</span> <span class='ocrx_word' id='word_1_46' title='bbox 623 2429 737 2487; x_wconf 88' lang='lat' dir='ltr'>tremat</span> <span class='ocrx_word' id='word_1_47' title='bbox 759 2443 833 2486; x_wconf 87' lang='lat' dir='ltr'>aura</span> <span class='ocrx_word' id='word_1_48' title='bbox 852 2421 931 2504; x_wconf 90' lang='lat' dir='ltr'>polo,</span> 
     </span>
     <span class='ocr_line' id='line_1_11' title="bbox 166 2553 989 2633; baseline 0.002 -15"><span class='ocrx_word' id='word_1_49' title='bbox 166 2553 231 2618; x_wconf 88' lang='lat' dir='ltr'>dux</span> <span class='ocrx_word' id='word_1_50' title='bbox 250 2553 333 2619; x_wconf 89' lang='lat' dir='ltr'>idem</span> <span class='ocrx_word' id='word_1_51' title='bbox 352 2560 386 2619; x_wconf 89' lang='lat' dir='ltr'>et</span> <span class='ocrx_word' id='word_1_52' title='bbox 406 2553 547 2632; x_wconf 86' lang='lat' dir='ltr'>monitor,</span> <span class='ocrx_word' id='word_1_53' title='bbox 569 2554 679 2631; x_wconf 90' lang='lat' dir='ltr'>socius,</span> <span class='ocrx_word' id='word_1_54' title='bbox 701 2553 840 2631; x_wconf 81' lang='lat' dir='ltr'><strong>collusor,</strong></span> <span class='ocrx_word' id='word_1_55' title='bbox 862 2554 989 2633; x_wconf 88' lang='lat' dir='ltr'>amicus,</span> 
     </span>
     <span class='ocr_line' id='line_1_12' title="bbox 207 2684 926 2767; baseline -0.001 -16"><span class='ocrx_word' id='word_1_56' title='bbox 207 2694 314 2752; x_wconf 90' lang='lat' dir='ltr'>mutus</span> <span class='ocrx_word' id='word_1_57' title='bbox 334 2687 367 2751; x_wconf 91' lang='lat' dir='ltr'>in</span> <span class='ocrx_word' id='word_1_58' title='bbox 387 2687 514 2752; x_wconf 87' lang='lat' dir='ltr'>obscura</span> <span class='ocrx_word' id='word_1_59' title='bbox 534 2708 616 2751; x_wconf 90' lang='lat' dir='ltr'>nunc</span> <span class='ocrx_word' id='word_1_60' title='bbox 637 2684 803 2767; x_wconf 88' lang='lat' dir='ltr'>requiescit</span> <span class='ocrx_word' id='word_1_61' title='bbox 823 2684 926 2750; x_wconf 91' lang='lat' dir='ltr'>humo.</span> 
     </span>
     <span class='ocr_line' id='line_1_13' title="bbox 168 2816 1019 2900; baseline 0.001 -19"><span class='ocrx_word' id='word_1_62' title='bbox 168 2817 369 2885; x_wconf 87' lang='lat' dir='ltr'>‘ite’-locos</span> <span class='ocrx_word' id='word_1_63' title='bbox 389 2824 522 2896; x_wconf 90' lang='lat' dir='ltr'>mutant,</span> <span class='ocrx_word' id='word_1_64' title='bbox 544 2817 706 2900; x_wconf 79' lang='lat' dir='ltr'>campestri</span> <span class='ocrx_word' id='word_1_65' title='bbox 727 2825 765 2882; x_wconf 93' lang='lat' dir='ltr'>ut</span> <span class='ocrx_word' id='word_1_66' title='bbox 784 2816 930 2883; x_wconf 88' lang='lat' dir='ltr'>convenit</span> <span class='ocrx_word' id='word_1_67' title='bbox 949 2817 1019 2896; x_wconf 88' lang='lat' dir='ltr'>arti,</span> 
     </span>
     <span class='ocr_line' id='line_1_14' title="bbox 207 2944 921 3030; baseline 0 -21"><span class='ocrx_word' id='word_1_68' title='bbox 207 2946 241 3010; x_wconf 90' lang='lat' dir='ltr'>in</span> <span class='ocrx_word' id='word_1_69' title='bbox 261 2967 294 3013; x_wconf 91' lang='lat' dir='ltr'>se</span> <span class='ocrx_word' id='word_1_70' title='bbox 313 2968 401 3013; x_wconf 84' lang='lat' dir='ltr'>versa</span> <span class='ocrx_word' id='word_1_71' title='bbox 420 2947 502 3014; x_wconf 86' lang='lat' dir='ltr'>redit</span> <span class='ocrx_word' id='word_1_72' title='bbox 521 2968 625 3030; x_wconf 83' lang='lat' dir='ltr'>pugna</span> <span class='ocrx_word' id='word_1_73' title='bbox 645 2953 800 3027; x_wconf 79' lang='lat' dir='ltr'>noratque</span> <span class='ocrx_word' id='word_1_74' title='bbox 819 2944 921 3010; x_wconf 85' lang='lat' dir='ltr'>vices:</span> 
     </span>
     <span class='ocr_line' id='line_1_15' title="bbox 169 3074 1045 3159; baseline 0 -18"><span class='ocrx_word' id='word_1_75' title='bbox 169 3077 376 3145; x_wconf 85' lang='lat' dir='ltr'>‘ite&#39;-sonat</span> <span class='ocrx_word' id='word_1_76' title='bbox 396 3077 531 3142; x_wconf 86' lang='lat' dir='ltr'>monitus</span> <span class='ocrx_word' id='word_1_77' title='bbox 550 3084 708 3159; x_wconf 80' lang='lat' dir='ltr'>tamquam</span> <span class='ocrx_word' id='word_1_78' title='bbox 728 3097 789 3140; x_wconf 84' lang='lat' dir='ltr'>vox</span> <span class='ocrx_word' id='word_1_79' title='bbox 808 3074 904 3158; x_wconf 89' lang='lat' dir='ltr'>ipsius</span> <span class='ocrx_word' id='word_1_80' title='bbox 924 3083 1045 3143; x_wconf 81' lang='lat' dir='ltr'>esset-</span> 
     </span>
     <span class='ocr_line' id='line_1_16' title="bbox 208 3208 814 3293; baseline -0.002 -18"><span class='ocrx_word' id='word_1_81' title='bbox 208 3218 371 3275; x_wconf 85' lang='lat' dir='ltr'>mutantur</span> <span class='ocrx_word' id='word_1_82' title='bbox 389 3217 502 3293; x_wconf 86' lang='lat' dir='ltr'>partes,</span> <span class='ocrx_word' id='word_1_83' title='bbox 523 3210 588 3293; x_wconf 83' lang='lat' dir='ltr'>egit</span> <span class='ocrx_word' id='word_1_84' title='bbox 607 3218 642 3276; x_wconf 84' lang='lat' dir='ltr'>at</span> <span class='ocrx_word' id='word_1_85' title='bbox 662 3208 714 3276; x_wconf 91' lang='lat' dir='ltr'>ille</span> <span class='ocrx_word' id='word_1_86' title='bbox 735 3231 814 3274; x_wconf 90' lang='lat' dir='ltr'>suas.</span> 
     </span>
     <span class='ocr_line' id='line_1_17' title="bbox 167 3342 924 3427; baseline -0.004 -17"><span class='ocrx_word' id='word_1_87' title='bbox 167 3345 212 3410; x_wconf 90' lang='lat' dir='ltr'>nil</span> <span class='ocrx_word' id='word_1_88' title='bbox 232 3344 372 3427; x_wconf 89' lang='lat' dir='ltr'>quamvis</span> <span class='ocrx_word' id='word_1_89' title='bbox 392 3351 493 3410; x_wconf 85' lang='lat' dir='ltr'>certae</span> <span class='ocrx_word' id='word_1_90' title='bbox 512 3343 649 3427; x_wconf 85' lang='lat' dir='ltr'>pallebat</span> <span class='ocrx_word' id='word_1_91' title='bbox 668 3342 769 3426; x_wconf 84' lang='lat' dir='ltr'>gratia</span> <span class='ocrx_word' id='word_1_92' title='bbox 789 3342 924 3421; x_wconf 82' lang='lat' dir='ltr'>dextrae,</span> 
     </span>
     <span class='ocr_line' id='line_1_18' title="bbox 207 3473 910 3560; baseline -0.007 -17"><span class='ocrx_word' id='word_1_93' title='bbox 207 3477 362 3543; x_wconf 85' lang='lat' dir='ltr'>irritares</span> <span class='ocrx_word' id='word_1_94' title='bbox 382 3477 450 3542; x_wconf 86' lang='lat' dir='ltr'>visa</span> <span class='ocrx_word' id='word_1_95' title='bbox 469 3483 518 3543; x_wconf 88' lang='lat' dir='ltr'>est</span> <span class='ocrx_word' id='word_1_96' title='bbox 537 3496 679 3560; x_wconf 87' lang='lat' dir='ltr'>spernere</span> <span class='ocrx_word' id='word_1_97' title='bbox 699 3473 782 3540; x_wconf 82' lang='lat' dir='ltr'>calce</span> <span class='ocrx_word' id='word_1_98' title='bbox 802 3473 910 3553; x_wconf 89' lang='lat' dir='ltr'>solum,</span> 
     </span>
    </p>
   </div>
   <div class='ocr_carea' id='block_1_5' title="bbox 167 3606 962 3694">
    <p class='ocr_par' dir='ltr' id='par_1_5' title="bbox 167 3606 962 3694">
     <span class='ocr_line' id='line_1_19' title="bbox 167 3606 962 3694; baseline -0.005 -17"><span class='ocrx_word' id='word_1_99' title='bbox 167 3613 264 3679; x_wconf 88' lang='lat' dir='ltr'>donec</span> <span class='ocrx_word' id='word_1_100' title='bbox 283 3632 337 3694; x_wconf 89' lang='lat' dir='ltr'>per</span> <span class='ocrx_word' id='word_1_101' title='bbox 357 3610 473 3677; x_wconf 88' lang='lat' dir='ltr'>medios</span> <span class='ocrx_word' id='word_1_102' title='bbox 492 3617 634 3693; x_wconf 86' lang='lat' dir='ltr'>petasum</span> <span class='ocrx_word' id='word_1_103' title='bbox 653 3606 822 3690; x_wconf 84' lang='lat' dir='ltr'>vultusque</span> <span class='ocrx_word' id='word_1_104' title='bbox 841 3609 962 3692; x_wconf 87' lang='lat' dir='ltr'>probati</span> 
     </span>
    </p>
   </div>
   <div class='ocr_carea' id='block_1_6' title="bbox 207 3739 831 3808">
    <p class='ocr_par' dir='ltr' id='par_1_6' title="bbox 207 3739 831 3808">
     <span class='ocr_line' id='line_1_20' title="bbox 207 3739 831 3808; baseline -0.003 0"><span class='ocrx_word' id='word_1_105' title='bbox 207 3743 271 3808; x_wconf 87' lang='lat' dir='ltr'>vim</span> <span class='ocrx_word' id='word_1_106' title='bbox 291 3749 479 3808; x_wconf 81' lang='lat' dir='ltr'>recreaturus</span> <span class='ocrx_word' id='word_1_107' title='bbox 500 3740 650 3808; x_wconf 86' lang='lat' dir='ltr'>sensimus</span> <span class='ocrx_word' id='word_1_108' title='bbox 670 3739 715 3806; x_wconf 89' lang='lat' dir='ltr'>ire</span> <span class='ocrx_word' id='word_1_109' title='bbox 735 3739 831 3806; x_wconf 85' lang='lat' dir='ltr'>ducis.</span> 
     </span>
    </p>
   </div>
   <div class='ocr_carea' id='block_1_7' title="bbox 0 0 1361 4230">
    <p class='ocr_par' dir='ltr' id='par_1_7' title="bbox 0 0 1361 4230">
     <span class='ocr_line' id='line_1_21' title="bbox 0 0 1361 4230; baseline 0 0"><span class='ocrx_word' id='word_1_110' title='bbox 0 0 1361 4230; x_wconf 95' lang='lat' dir='ltr'> </span> 
     </span>
    </p>
   </div>
  </div>
 </body>
</html>
