2708 4230
532 1263 768 1330 Psluuacus.

228 1549 390 1627 Psittacus,
412 1549 558 1632 Hispanis
579 1549 641 1615 ales
661 1548 837 1630 peregrinus
858 1545 896 1611 ab
918 1544 1013 1623 Indis,

267 1694 458 1776 plumea'rui
478 1694 538 1757 rari
558 1694 654 1759 forma
674 1692 782 1758 eoloris
802 1698 876 1768 erat,

229 1840 331 1921 pullus
351 1840 459 1918 adhuc,
481 1847 647 1921 teneroque
667 1839 729 1905 fere
749 1839 889 1921 captivus
909 1837 948 1902 ab
968 1858 1078 1921 ungue,

270 1997 396 2056 venerat
416 1990 449 2053 in
470 1989 586 2055 Mullae
606 1988 717 2071 frigida
736 1996 821 2056 tesca
840 2008 934 2054 meae.

230 2138 305 2220 quid
325 2138 423 2204 calido
444 2138 526 2220 quod
546 2146 638 2203 natus
658 2145 725 2204 erat
745 2137 802 2203 sub
823 2136 908 2204 solet
936 2136 1019 2218 quod
1039 2135 1111 2201 inde

271 2296 407 2356 traxerat
427 2289 543 2354 alarum
564 2311 625 2355 non
645 2289 712 2355 leve
732 2290 836 2373 pluma
856 2289 971 2354 deeusl

231 2438 328 2519 pomis
349 2444 380 2502 et
400 2437 500 2519 patrio
520 2436 649 2519 spiranti
668 2436 805 2502 balsama
825 2436 903 2513 luco,

271 2586 392 2653 Phoebo
412 2586 506 2652 etiam
526 2593 559 2652 et
578 2584 716 2667 zephyris
736 2585 856 2652 dixerat
876 2584 928 2651 ille
951 2584 1053 2649 ‘vale’

230 2734 279 2799 his
299 2733 352 2799 ubi
372 2733 506 2798 mutavit
526 2731 641 2798 foculos
661 2732 701 2797 de
720 2731 853 2815 caespite
873 2731 976 2809 faetus,

271 2883 413 2965 quodque
433 2882 558 2949 madens
578 2882 698 2948 nebulis
718 2881 812 2946 vestit
832 2881 913 2947 eriua
933 2880 1031 2947 solum
1040 2904 1049 2958 3

230 3053 453 3114 quamcumque
472 3032 506 3095 in
525 3039 642 3113 partem
663 3029 750 3094 rutili
769 3029 830 3095 fert
849 3027 953 3094 lumen
972 3028 1067 3106 ocelli,

272 3202 344 3246 saxa
364 3178 450 3244 videt
470 3177 590 3242 tumido
611 3197 737 3260 spumea
756 3175 838 3241 faeta
858 3174 929 3240 salo,

231 3331 379 3407 fovimus3
408 3327 460 3392 ille
481 3326 535 3391 diu
556 3325 613 3389 sub
634 3323 732 3390 sidere
751 3323 831 3389 vixit
851 3323 975 3406 iniqu03

271 3476 310 3542 da
331 3497 363 3542 se
382 3473 436 3539 vix
455 3494 601 3554 umquam
621 3469 743 3537 destitit
763 3490 827 3537 esse
847 3469 978 3553 loquax3

232 3623 328 3691 donee
349 3623 386 3689 ab
407 3643 523 3688 annosa
542 3620 634 3684 fluxit
654 3618 736 3685 color
756 3640 866 3685 aureus
886 3619 944 3699 ala,

273 3777 410 3859 colloque
431 3776 464 3840 in
484 3773 576 3840 viridi
596 3773 701 3855 pluma
721 3770 825 3838 senilis
845 3779 919 3839 erat.
