2708 4230
306 1397 458 1466 NOMEN
488 1397 599 1477 EQUO
627 1397 822 1491 Dunense
852 1393 1014 1463 susluls
1044 1391 1176 1459 NIGER

535 1512 739 1578 IMBRIBUS
768 1511 942 1577 AUS'PER.

235 1774 281 1839 At
300 1774 386 1857 niger
406 1774 439 1838 in
460 1774 593 1841 statione
613 1782 700 1840 tenet
720 1796 752 1840 se
772 1772 935 1838 immobilis
955 1772 1079 1848 Auster,

275 1906 315 1972 de
334 1906 421 1989 nigro
442 1907 529 1988 quasi
550 1906 592 1972 sit
611 1927 760 1972 marmore
780 1905 881 1970 faetus
901 1926 1007 1986 equus,

234 2057 291 2102 neo
311 2036 461 2103 desiderio
482 2058 544 2101 non
563 2037 697 2119 percitus
717 2055 815 2118 usque
836 2034 919 2100 fideli

275 2169 307 2232 in
327 2167 436 2234 faeiem
456 2168 605 2233 exanimis
626 2167 811 2250 despiciebat
831 2167 883 2233 eri.

233 2303 271 2364 a!
292 2320 385 2381 quam
406 2306 527 2365 mutata
547 2306 596 2365 est
615 2299 696 2365 corvi
718 2299 791 2364 iuba
811 2299 925 2381 nigrior
944 2298 1003 2374 ala,

271 2451 364 2511 quam
384 2430 467 2512 prius
488 2430 641 2496 Herminii
661 2439 736 2496 nata
755 2431 880 2496 lavabat
900 2431 997 2514 aquis,

232 2582 325 2644 quarn
346 2560 432 2626 nulla
451 2583 514 2626 non
534 2562 602 2629 luce
622 2563 729 2628 fovens
748 2562 958 2645 plaudensque
978 2560 1094 2627 solebat

272 2701 401 2776 pectere,
423 2693 546 2760 nodatis
566 2701 632 2760 arte
652 2715 807 2777 manuque
827 2696 930 2773 comis,

231 2828 297 2894 sive
315 2814 444 2911 puellari
464 2835 623 2910 praestans
644 2828 677 2891 in
698 2835 784 2893 veste
804 2827 919 2893 niteret

272 2957 384 3034 taenia,
406 2958 575 3023 edomabat
595 2957 728 3023 cultibus
748 2957 816 3040 ipsa
836 2957 918 3022 suis:

230 3112 312 3156 nunc
332 3090 439 3157 eadem
460 3090 583 3155 foedata
601 3089 669 3154 luto
690 3097 746 3166 est,
767 3088 890 3155 foedata
910 3108 1023 3161 cruore,

269 3228 386 3288 maeret
406 3221 460 3286 ubi
481 3221 661 3287 incumbens
681 3220 797 3286 Auster
817 3220 850 3283 in
871 3240 924 3283 ora
943 3216 1059 3300 patris:

229 3376 285 3422 neo
305 3375 398 3433 mora,
419 3353 621 3437 torpescentis
642 3353 713 3435 equi
733 3351 872 3434 rapiebat
891 3349 1040 3416 habenam

269 3486 436 3569 prosiliens,
456 3508 568 3568 magua
588 3506 650 3550 non
671 3484 737 3550 sine
757 3505 838 3562 voce,
861 3482 970 3559 'Pitus3

230 3619 289 3697 eui,
310 3626 405 3703 eaput
423 3618 533 3684 invicti
553 3617 674 3683 iuratus
693 3626 727 3685 et
747 3640 831 3684 arma
851 3616 980 3696 Quirini,

271 3748 378 3816 obvius
397 3748 530 3816 admisso
551 3769 584 3815 se
603 3747 680 3814 tulit
700 3747 800 3812 Aulus
821 3767 908 3828 equo.
