2708 4230
627 139 688 207 197

232 309 335 374 forsan
355 317 388 376 et
407 309 466 375 hoc
487 309 559 375 olim
581 311 748 376 saeclorum
768 310 868 377 limite
888 310 1014 394 dempto

274 481 343 524 cum
363 459 513 525 desideria
533 458 616 537 haec,
639 483 709 526 cum
729 460 816 526 dolor
835 459 993 538 exciderit,

231 607 292 672 fors
312 607 424 674 iterum
444 608 569 673 dabitur
588 608 692 673 dulces
712 607 819 672 audire
839 607 1012 685 cachinnos,

273 754 414 821 dulcibus
433 755 575 837 alloquiis
595 777 710 832 rursus,
732 762 770 819 ut
792 762 875 833 ante,
897 756 968 822 frui.

234 901 295 966 oris
315 908 348 966 ei
367 901 420 967 ille
440 901 525 984 lepor
544 901 660 967 lucebit
680 902 830 978 amabilis,
851 909 885 969 et
905 925 973 981 vox,

271 1070 350 1130 quae
369 1049 449 1115 hona
469 1073 539 1132 pars
559 1051 671 1117 nostris
691 1051 812 1117 lusibus
832 1052 914 1118 inter
934 1059 1021 1117 erat:

234 1205 266 1262 et
286 1204 326 1276 te,
349 1219 429 1280 quae
448 1205 597 1276 tenerum,
621 1199 801 1265 Shirburnia
820 1207 928 1277 mater,
950 1199 1062 1277 alebas,

273 1353 341 1410 tum
362 1368 484 1429 quoque
504 1369 566 1412 non
587 1347 649 1412 alia
669 1369 739 1412 eum
760 1347 879 1429 pietate
900 1347 988 1413 colet.

232 1512 271 1558 ue
290 1499 395 1559 tamen
414 1493 576 1576 abreptum
596 1492 725 1556 nimium
747 1491 886 1571 doleatis,
908 1492 1019 1559 amici:

273 1649 348 1706 tunc
367 1641 421 1706 ubi
441 1642 586 1725 poscebat
606 1641 738 1723 plurima
758 1648 842 1707 mela
862 1640 982 1720 ducem,

232 1791 286 1872 qui
305 1789 417 1873 rapuit,
439 1790 527 1857 nobis
547 1789 701 1872 exemplar
721 1790 822 1856 nobile
841 1788 943 1872 liquis,

272 1939 355 2021 quod
374 1947 488 2005 metam
508 1939 597 2005 fessis
616 1944 767 2004 monstret
787 1960 945 2022 opemque,
967 1939 1060 2006 Deus.

232 2090 348 2157 scilicet
367 2090 500 2157 efficient
520 2109 599 2171 quae
619 2111 675 2153 nos
695 2088 915 2171 temptavimus
934 2111 998 2154 una

271 2242 309 2300 ut
327 2234 453 2301 meliora
472 2235 580 2317 probet
600 2233 739 2317 quisque,
761 2233 909 2315 sequique
928 2231 1026 2298 velit:

230 2380 440 2462 sincerumque
460 2380 556 2462 magis
576 2379 640 2456 fiet,
662 2378 745 2460 quod
765 2377 899 2444 viximus
920 2398 991 2456 una,

272 2529 363 2595 laude
382 2528 479 2611 magis
499 2527 636 2611 dignum,
657 2527 843 2609 liberiusque
862 2525 952 2591 malo.

856 2726 898 2794 Η.
921 2725 953 2793 0.
975 2725 1010 2792 1⁴¹.
1032 2725 1077 2792 M.

141 2942 144 2952 Ι
221 2872 326 2943 nares
346 2875 423 2929 1882.
