<?xml version="1.0" encoding="UTF-8"?>
<!DOCTYPE html PUBLIC "-//W3C//DTD XHTML 1.0 Transitional//EN"
    "http://www.w3.org/TR/xhtml1/DTD/xhtml1-transitional.dtd">
<html xmlns="http://www.w3.org/1999/xhtml" xml:lang="en" lang="en">
 <head>
  <title>
</title>
<meta http-equiv="Content-Type" content="text/html;charset=utf-8" />
  <meta name='ocr-system' content='tesseract 3.04.00' />
  <meta name='ocr-capabilities' content='ocr_page ocr_carea ocr_par ocr_line ocrx_word'/>
</head>
<body>
  <div class='ocr_page' id='page_1' title='image "./apismatinaverse00youngoog_0172.png"; bbox 0 0 2708 4230; ppageno 0'>
   <div class='ocr_carea' id='block_1_1' title="bbox 710 105 772 170">
    <p class='ocr_par' dir='ltr' id='par_1_1' title="bbox 710 105 772 170">
     <span class='ocr_line' id='line_1_1' title="bbox 710 105 772 170; baseline 0.016 -1"><span class='ocrx_word' id='word_1_1' title='bbox 710 105 772 170; x_wconf 87' lang='grc'>157</span> 
     </span>
    </p>
   </div>
   <div class='ocr_carea' id='block_1_2' title="bbox 228 273 1119 1991">
    <p class='ocr_par' dir='ltr' id='par_1_2' title="bbox 228 273 1108 505">
     <span class='ocr_line' id='line_1_2' title="bbox 228 273 1108 356; baseline 0.005 -20"><span class='ocrx_word' id='word_1_2' title='bbox 228 273 313 337; x_wconf 92' lang='lat' dir='ltr'>haud</span> <span class='ocrx_word' id='word_1_3' title='bbox 332 273 445 351; x_wconf 89' lang='lat' dir='ltr'>minus,</span> <span class='ocrx_word' id='word_1_4' title='bbox 467 273 624 338; x_wconf 88' lang='lat' dir='ltr'>horrisono</span> <span class='ocrx_word' id='word_1_5' title='bbox 644 274 837 340; x_wconf 80' lang='lat' dir='ltr'>luctantibus</span> <span class='ocrx_word' id='word_1_6' title='bbox 857 295 987 356; x_wconf 85' lang='lat' dir='ltr'>aequore</span> <span class='ocrx_word' id='word_1_7' title='bbox 1008 275 1108 351; x_wconf 88' lang='lat' dir='ltr'>remis,</span> 
     </span>
     <span class='ocr_line' id='line_1_3' title="bbox 270 421 1024 505; baseline 0.004 -20"><span class='ocrx_word' id='word_1_8' title='bbox 270 423 334 486; x_wconf 87' lang='lat' dir='ltr'>itur</span> <span class='ocrx_word' id='word_1_9' title='bbox 353 422 386 485; x_wconf 91' lang='lat' dir='ltr'>in</span> <span class='ocrx_word' id='word_1_10' title='bbox 407 421 558 500; x_wconf 87' lang='lat' dir='ltr'>adversas,</span> <span class='ocrx_word' id='word_1_11' title='bbox 581 446 641 505; x_wconf 90' lang='lat' dir='ltr'>quo</span> <span class='ocrx_word' id='word_1_12' title='bbox 662 432 765 489; x_wconf 88' lang='lat' dir='ltr'>tumet</span> <span class='ocrx_word' id='word_1_13' title='bbox 785 431 898 500; x_wconf 86' lang='lat' dir='ltr'>aestus,</span> <span class='ocrx_word' id='word_1_14' title='bbox 921 446 1024 505; x_wconf 89' lang='lat' dir='ltr'>aquas.</span> 
     </span>
    </p>

    <p class='ocr_par' dir='ltr' id='par_1_3' title="bbox 229 569 947 793">
     <span class='ocr_line' id='line_1_4' title="bbox 229 569 947 651; baseline 0.003 -19"><span class='ocrx_word' id='word_1_15' title='bbox 229 569 305 633; x_wconf 90' lang='lat' dir='ltr'>litus</span> <span class='ocrx_word' id='word_1_16' title='bbox 325 569 392 634; x_wconf 87' lang='lat' dir='ltr'>adit</span> <span class='ocrx_word' id='word_1_17' title='bbox 412 569 505 634; x_wconf 86' lang='lat' dir='ltr'>fatale</span> <span class='ocrx_word' id='word_1_18' title='bbox 526 577 613 651; x_wconf 88' lang='lat' dir='ltr'>pater</span> <span class='ocrx_word' id='word_1_19' title='bbox 633 569 825 649; x_wconf 83' lang='lat' dir='ltr'>furibundus,</span> <span class='ocrx_word' id='word_1_20' title='bbox 847 579 881 637; x_wconf 87' lang='lat' dir='ltr'>at</span> <span class='ocrx_word' id='word_1_21' title='bbox 901 572 947 635; x_wconf 92' lang='lat' dir='ltr'>illi</span> 
     </span>
     <span class='ocr_line' id='line_1_5' title="bbox 271 715 892 793; baseline 0.006 -14"><span class='ocrx_word' id='word_1_22' title='bbox 271 723 410 780; x_wconf 90' lang='lat' dir='ltr'>mutatur</span> <span class='ocrx_word' id='word_1_23' title='bbox 430 716 561 781; x_wconf 76' lang='lat' dir='ltr'>lacrimis</span> <span class='ocrx_word' id='word_1_24' title='bbox 582 715 635 793; x_wconf 90' lang='lat' dir='ltr'>ira,</span> <span class='ocrx_word' id='word_1_25' title='bbox 658 716 762 782; x_wconf 85' lang='lat' dir='ltr'>dolore</span> <span class='ocrx_word' id='word_1_26' title='bbox 781 717 892 783; x_wconf 82' lang='lat' dir='ltr'>minae.</span> 
     </span>
    </p>

    <p class='ocr_par' dir='ltr' id='par_1_4' title="bbox 232 861 1087 1093">
     <span class='ocr_line' id='line_1_6' title="bbox 232 861 1087 945; baseline 0.002 -22"><span class='ocrx_word' id='word_1_27' title='bbox 232 882 363 942; x_wconf 87' lang='lat' dir='ltr'>namque</span> <span class='ocrx_word' id='word_1_28' title='bbox 382 861 425 926; x_wconf 91' lang='lat' dir='ltr'>ibi</span> <span class='ocrx_word' id='word_1_29' title='bbox 445 884 499 944; x_wconf 89' lang='lat' dir='ltr'>per</span> <span class='ocrx_word' id='word_1_30' title='bbox 518 862 647 944; x_wconf 79' lang='lat' dir='ltr'>pluviae,</span> <span class='ocrx_word' id='word_1_31' title='bbox 669 884 723 945; x_wconf 87' lang='lat' dir='ltr'>per</span> <span class='ocrx_word' id='word_1_32' title='bbox 744 883 869 944; x_wconf 75' lang='lat' dir='ltr'>opacam</span> <span class='ocrx_word' id='word_1_33' title='bbox 889 861 954 926; x_wconf 89' lang='lat' dir='ltr'>filia</span> <span class='ocrx_word' id='word_1_34' title='bbox 974 862 1087 927; x_wconf 91' lang='lat' dir='ltr'>nubem</span> 
     </span>
     <span class='ocr_line' id='line_1_7' title="bbox 274 1009 954 1093; baseline -0.001 -18"><span class='ocrx_word' id='word_1_35' title='bbox 274 1010 339 1075; x_wconf 89' lang='lat' dir='ltr'>visa</span> <span class='ocrx_word' id='word_1_36' title='bbox 359 1021 407 1076; x_wconf 88' lang='lat' dir='ltr'>est</span> <span class='ocrx_word' id='word_1_37' title='bbox 426 1011 569 1089; x_wconf 81' lang='lat' dir='ltr'>attonito,</span> <span class='ocrx_word' id='word_1_38' title='bbox 592 1032 648 1076; x_wconf 83' lang='lat' dir='ltr'>ner</span> <span class='ocrx_word' id='word_1_39' title='bbox 668 1010 746 1076; x_wconf 91' lang='lat' dir='ltr'>bene</span> <span class='ocrx_word' id='word_1_40' title='bbox 766 1011 840 1088; x_wconf 87' lang='lat' dir='ltr'>visa,</span> <span class='ocrx_word' id='word_1_41' title='bbox 863 1009 954 1093; x_wconf 85' lang='lat' dir='ltr'>patri,</span> 
     </span>
    </p>

    <p class='ocr_par' dir='ltr' id='par_1_5' title="bbox 232 1160 1065 1378">
     <span class='ocr_line' id='line_1_8' title="bbox 232 1160 1065 1243; baseline 0 -17"><span class='ocrx_word' id='word_1_42' title='bbox 232 1160 336 1226; x_wconf 87' lang='lat' dir='ltr'>tendit</span> <span class='ocrx_word' id='word_1_43' title='bbox 354 1182 433 1241; x_wconf 91' lang='lat' dir='ltr'>quae</span> <span class='ocrx_word' id='word_1_44' title='bbox 453 1160 593 1225; x_wconf 76' lang='lat' dir='ltr'><strong>dextram</strong></span> <span class='ocrx_word' id='word_1_45' title='bbox 614 1161 734 1226; x_wconf 87' lang='lat' dir='ltr'>miseris</span> <span class='ocrx_word' id='word_1_46' title='bbox 755 1161 821 1243; x_wconf 84' lang='lat' dir='ltr'>opis</span> <span class='ocrx_word' id='word_1_47' title='bbox 840 1160 946 1243; x_wconf 84' lang='lat' dir='ltr'>indiga</span> <span class='ocrx_word' id='word_1_48' title='bbox 966 1161 1065 1237; x_wconf 90' lang='lat' dir='ltr'>rebus,</span> 
     </span>
     <span class='ocr_line' id='line_1_9' title="bbox 275 1311 889 1378; baseline 0.005 -4"><span class='ocrx_word' id='word_1_49' title='bbox 275 1333 330 1377; x_wconf 84' lang='lat' dir='ltr'>nee</span> <span class='ocrx_word' id='word_1_50' title='bbox 351 1312 438 1377; x_wconf 88' lang='lat' dir='ltr'>laeva</span> <span class='ocrx_word' id='word_1_51' title='bbox 457 1312 580 1378; x_wconf 88' lang='lat' dir='ltr'>absistit</span> <span class='ocrx_word' id='word_1_52' title='bbox 601 1312 679 1378; x_wconf 83' lang='lat' dir='ltr'>eolla</span> <span class='ocrx_word' id='word_1_53' title='bbox 699 1313 801 1377; x_wconf 85' lang='lat' dir='ltr'>fovere</span> <span class='ocrx_word' id='word_1_54' title='bbox 822 1311 889 1377; x_wconf 87' lang='lat' dir='ltr'>viri.</span> 
     </span>
    </p>

    <p class='ocr_par' dir='ltr' id='par_1_6' title="bbox 237 1459 1119 1693">
     <span class='ocr_line' id='line_1_10' title="bbox 237 1459 1119 1541; baseline 0 -17"><span class='ocrx_word' id='word_1_55' title='bbox 237 1465 279 1536; x_wconf 87' lang='lat' dir='ltr'>‘a,</span> <span class='ocrx_word' id='word_1_56' title='bbox 302 1461 397 1538; x_wconf 86' lang='lat' dir='ltr'>refer,&#39;</span> <span class='ocrx_word' id='word_1_57' title='bbox 420 1461 583 1541; x_wconf 75' lang='lat' dir='ltr'>exclamat,</span> <span class='ocrx_word' id='word_1_58' title='bbox 606 1461 702 1527; x_wconf 85' lang='lat' dir='ltr'>‘refer</span> <span class='ocrx_word' id='word_1_59' title='bbox 721 1460 782 1525; x_wconf 84' lang='lat' dir='ltr'>hue</span> <span class='ocrx_word' id='word_1_60' title='bbox 803 1481 871 1525; x_wconf 87' lang='lat' dir='ltr'>mea</span> <span class='ocrx_word' id='word_1_61' title='bbox 891 1459 957 1525; x_wconf 85' lang='lat' dir='ltr'>filia</span> <span class='ocrx_word' id='word_1_62' title='bbox 976 1465 1119 1525; x_wconf 80' lang='lat' dir='ltr'>rursum!</span> 
     </span>
     <span class='ocr_line' id='line_1_11' title="bbox 276 1610 926 1693; baseline 0.002 -20"><span class='ocrx_word' id='word_1_63' title='bbox 276 1633 337 1674; x_wconf 86' lang='lat' dir='ltr'>non</span> <span class='ocrx_word' id='word_1_64' title='bbox 358 1618 423 1675; x_wconf 88' lang='lat' dir='ltr'>erat</span> <span class='ocrx_word' id='word_1_65' title='bbox 442 1610 491 1675; x_wconf 91' lang='lat' dir='ltr'>his</span> <span class='ocrx_word' id='word_1_66' title='bbox 512 1611 620 1693; x_wconf 89' lang='lat' dir='ltr'>opibus</span> <span class='ocrx_word' id='word_1_67' title='bbox 640 1610 809 1689; x_wconf 86' lang='lat' dir='ltr'>traicienda</span> <span class='ocrx_word' id='word_1_68' title='bbox 829 1610 926 1691; x_wconf 92' lang='lat' dir='ltr'>palus.</span> 
     </span>
    </p>

    <p class='ocr_par' dir='ltr' id='par_1_7' title="bbox 234 1756 1119 1991">
     <span class='ocr_line' id='line_1_12' title="bbox 234 1756 1119 1840; baseline -0.002 -21"><span class='ocrx_word' id='word_1_69' title='bbox 234 1756 298 1838; x_wconf 90' lang='lat' dir='ltr'>ipse</span> <span class='ocrx_word' id='word_1_70' title='bbox 319 1779 393 1821; x_wconf 86' lang='lat' dir='ltr'>voco</span> <span class='ocrx_word' id='word_1_71' title='bbox 413 1759 540 1839; x_wconf 85' lang='lat' dir='ltr'>genitor,</span> <span class='ocrx_word' id='word_1_72' title='bbox 562 1781 601 1825; x_wconf 90' lang='lat' dir='ltr'>ne</span> <span class='ocrx_word' id='word_1_73' title='bbox 621 1780 670 1824; x_wconf 87' lang='lat' dir='ltr'>me</span> <span class='ocrx_word' id='word_1_74' title='bbox 690 1779 850 1840; x_wconf 86' lang='lat' dir='ltr'>aspernare</span> <span class='ocrx_word' id='word_1_75' title='bbox 870 1757 1043 1836; x_wconf 66' lang='lat' dir='ltr'>dolentem</span> <span class='ocrx_word' id='word_1_76' title='bbox 1116 1812 1119 1817; x_wconf 84' lang='lat'>.</span> 
     </span>
     <span class='ocr_line' id='line_1_13' title="bbox 278 1906 1037 1991; baseline 0.003 -20"><span class='ocrx_word' id='word_1_77' title='bbox 278 1928 325 1983; x_wconf 89' lang='lat' dir='ltr'>en,</span> <span class='ocrx_word' id='word_1_78' title='bbox 347 1906 467 1972; x_wconf 86' lang='lat' dir='ltr'>veniam</span> <span class='ocrx_word' id='word_1_79' title='bbox 487 1930 541 1990; x_wconf 86' lang='lat' dir='ltr'>per</span> <span class='ocrx_word' id='word_1_80' title='bbox 561 1931 616 1972; x_wconf 89' lang='lat' dir='ltr'>uos</span> <span class='ocrx_word' id='word_1_81' title='bbox 636 1931 729 1990; x_wconf 87' lang='lat' dir='ltr'>quam</span> <span class='ocrx_word' id='word_1_82' title='bbox 749 1908 830 1991; x_wconf 86' lang='lat' dir='ltr'>petit</span> <span class='ocrx_word' id='word_1_83' title='bbox 849 1909 917 1987; x_wconf 89' lang='lat' dir='ltr'>iste,</span> <span class='ocrx_word' id='word_1_84' title='bbox 939 1908 1037 1974; x_wconf 83' lang='lat' dir='ltr'>ferat’</span> 
     </span>
    </p>
   </div>
   <div class='ocr_carea' id='block_1_3' title="bbox 238 2054 1048 2139">
    <p class='ocr_par' dir='ltr' id='par_1_8' title="bbox 238 2054 1048 2139">
     <span class='ocr_line' id='line_1_14' title="bbox 238 2054 1048 2139; baseline 0.006 -21"><span class='ocrx_word' id='word_1_85' title='bbox 238 2054 281 2118; x_wconf 90' lang='lat' dir='ltr'>uil</span> <span class='ocrx_word' id='word_1_86' title='bbox 302 2054 392 2131; x_wconf 88' lang='lat' dir='ltr'>valet,</span> <span class='ocrx_word' id='word_1_87' title='bbox 415 2056 566 2120; x_wconf 89' lang='lat' dir='ltr'>undarum</span> <span class='ocrx_word' id='word_1_88' title='bbox 587 2057 618 2121; x_wconf 90' lang='lat' dir='ltr'>vi</span> <span class='ocrx_word' id='word_1_89' title='bbox 639 2066 732 2123; x_wconf 88' lang='lat' dir='ltr'>tunsa</span> <span class='ocrx_word' id='word_1_90' title='bbox 752 2068 956 2124; x_wconf 83' lang='lat' dir='ltr'>remurmurat</span> <span class='ocrx_word' id='word_1_91' title='bbox 977 2082 1029 2124; x_wconf 89' lang='lat' dir='ltr'>ora</span> <span class='ocrx_word' id='word_1_92' title='bbox 1040 2083 1048 2139; x_wconf 92' lang='lat'>;</span> 
     </span>
    </p>
   </div>
   <div class='ocr_carea' id='block_1_4' title="bbox 279 2203 1047 2290">
    <p class='ocr_par' dir='ltr' id='par_1_9' title="bbox 279 2203 1047 2290">
     <span class='ocr_line' id='line_1_15' title="bbox 279 2203 1047 2290; baseline 0.01 -25"><span class='ocrx_word' id='word_1_93' title='bbox 279 2203 392 2285; x_wconf 89' lang='lat' dir='ltr'>quique</span> <span class='ocrx_word' id='word_1_94' title='bbox 412 2211 499 2270; x_wconf 89' lang='lat' dir='ltr'>vetat</span> <span class='ocrx_word' id='word_1_95' title='bbox 518 2204 652 2270; x_wconf 90' lang='lat' dir='ltr'>reditum</span> <span class='ocrx_word' id='word_1_96' title='bbox 672 2205 794 2282; x_wconf 82' lang='lat' dir='ltr'>fluetus,</span> <span class='ocrx_word' id='word_1_97' title='bbox 816 2207 932 2272; x_wconf 81' lang='lat' dir='ltr'>ademit</span> <span class='ocrx_word' id='word_1_98' title='bbox 952 2229 1047 2290; x_wconf 87' lang='lat' dir='ltr'>opem.</span> 
     </span>
    </p>
   </div>
   <div class='ocr_carea' id='block_1_5' title="bbox 239 2352 975 2432">
    <p class='ocr_par' dir='ltr' id='par_1_10' title="bbox 239 2352 975 2432">
     <span class='ocr_line' id='line_1_16' title="bbox 239 2352 975 2432; baseline 0.004 -16"><span class='ocrx_word' id='word_1_99' title='bbox 239 2352 348 2429; x_wconf 88' lang='lat' dir='ltr'>obruit,</span> <span class='ocrx_word' id='word_1_100' title='bbox 372 2353 442 2429; x_wconf 89' lang='lat' dir='ltr'>heu,</span> <span class='ocrx_word' id='word_1_101' title='bbox 463 2361 568 2418; x_wconf 88' lang='lat' dir='ltr'>natam</span> <span class='ocrx_word' id='word_1_102' title='bbox 589 2375 651 2418; x_wconf 90' lang='lat' dir='ltr'>non</span> <span class='ocrx_word' id='word_1_103' title='bbox 671 2353 833 2418; x_wconf 86' lang='lat' dir='ltr'>exorabilis</span> <span class='ocrx_word' id='word_1_104' title='bbox 853 2363 975 2432; x_wconf 89' lang='lat' dir='ltr'>aestus;</span> 
     </span>
    </p>
   </div>
   <div class='ocr_carea' id='block_1_6' title="bbox 281 2503 890 2586">
    <p class='ocr_par' dir='ltr' id='par_1_11' title="bbox 281 2503 890 2586">
     <span class='ocr_line' id='line_1_17' title="bbox 281 2503 890 2586; baseline 0.005 -20"><span class='ocrx_word' id='word_1_105' title='bbox 281 2503 386 2568; x_wconf 86' lang='lat' dir='ltr'>orbato</span> <span class='ocrx_word' id='word_1_106' title='bbox 407 2511 544 2586; x_wconf 79' lang='lat' dir='ltr'>superest</span> <span class='ocrx_word' id='word_1_107' title='bbox 564 2503 608 2580; x_wconf 84' lang='lat' dir='ltr'>nil</span> <span class='ocrx_word' id='word_1_108' title='bbox 628 2503 687 2568; x_wconf 85' lang='lat' dir='ltr'>nisi</span> <span class='ocrx_word' id='word_1_109' title='bbox 708 2504 781 2568; x_wconf 86' lang='lat' dir='ltr'>flere</span> <span class='ocrx_word' id='word_1_110' title='bbox 801 2505 890 2585; x_wconf 87' lang='lat' dir='ltr'>patri.</span> 
     </span>
    </p>
   </div>
   <div class='ocr_carea' id='block_1_7' title="bbox 0 0 1358 4230">
    <p class='ocr_par' dir='ltr' id='par_1_12' title="bbox 0 0 1358 4230">
     <span class='ocr_line' id='line_1_18' title="bbox 0 0 1358 4230; baseline 0 0"><span class='ocrx_word' id='word_1_111' title='bbox 0 0 1358 4230; x_wconf 95' lang='lat' dir='ltr'> </span> 
     </span>
    </p>
   </div>
  </div>
 </body>
</html>
