2708 4230
643 174 646 178 .
674 124 737 187 105

241 310 298 356 neo
318 291 455 357 catulum
476 290 593 357 domini
613 291 699 357 labor
718 291 825 358 irritus
845 290 899 373 ille
916 291 1026 359 fefellit
1035 315 1045 371 ;

281 422 434 504 quidquid
453 445 519 505 ago,
542 424 692 503 observat,
715 445 771 490 ceu
791 423 865 490 dare
884 423 978 490 vellet
998 446 1094 509 opem.

238 561 314 621 tunc
334 555 482 622 adhibens
502 556 614 622 cerebri
635 563 752 638 quanta
771 563 820 622 est
839 556 885 623 ris
906 576 1037 638 cumque
1057 557 1158 622 canini

279 688 475 755 intellectura
494 688 615 771 singule
635 697 738 754 mente
759 696 881 754 movet:

239 820 477 903 perstiteratque
496 820 551 885 diu
572 820 733 898 meditans,
755 821 788 885 ni
809 821 927 886 somnia
947 821 1027 887 claro

279 954 448 1022 discutiens
468 956 588 1020 monitu
608 976 669 1020 vox
689 953 857 1036 crepuisset
876 953 940 1019 eri:

237 1085 390 1169 pergimus
410 1085 483 1153 inde
503 1084 595 1150 simul
615 1085 791 1151 curvamina
811 1084 902 1168 longa
922 1093 1085 1168 sequentes

278 1217 414 1283 fluminis
425 1241 433 1298 ;
461 1238 500 1285 ex
520 1219 623 1283 animo
643 1218 701 1283 flos
722 1217 806 1284 cadit
827 1217 879 1282 ille
899 1238 974 1283 meo.

233 1349 354 1418 errandi
374 1350 456 1416 facto
475 1350 537 1416 iam
558 1353 620 1418 fine
639 1352 673 1416 in
693 1358 777 1418 tecta
797 1351 955 1430 redibam;

277 1492 351 1550 ante
371 1485 457 1550 volat
477 1485 607 1564 catulus,
629 1485 745 1552 lentius
766 1485 833 1568 ipse
853 1505 981 1566 sequor:

238 1636 349 1692 rursus,
372 1622 411 1679 ut
428 1595 512 1694 'ante
534 1623 624 1682 notat
643 1616 803 1682 fluitantia
822 1624 913 1695 serta,
935 1623 1107 1698 notansque

276 1746 332 1812 dat
352 1740 433 1812 saltu
455 1747 489 1810 in
509 1747 624 1813 medias
645 1768 687 1825 se,
709 1766 811 1828 neque
830 1746 940 1825 iussus,
961 1768 1064 1827 aquas.

235 1875 300 1941 vidi
320 1897 375 1960 ego
396 1877 537 1959 decerpto
558 1877 708 1943 nitentem
730 1877 803 1942 flore
823 1897 877 1960 per
896 1877 1011 1942 undam

275 2032 388 2075 munus
408 2011 442 2075 in
461 2011 614 2077 adventus
633 2010 833 2093 deproperare
852 2031 944 2077 meos.

234 2161 306 2205 mox
326 2142 420 2206 etiam
440 2141 583 2224 apposuit
602 2141 740 2225 pedibus,
762 2142 850 2223 quasi
870 2143 970 2210 dicere
990 2144 1094 2223 vellet,

275 2272 403 2354 ‘accipe
425 2294 481 2338 cur
500 2273 565 2338 voti
585 2295 647 2339 non
667 2274 785 2358 potiare
804 2275 853 2340 tui
863 2275 886 2340 l'

233 2412 309 2471 tunc
329 2426 393 2488 ego,
415 2408 546 2473 mirandi
567 2417 676 2492 captus
696 2409 856 2476 dulcedine
876 2410 970 2488 visus,

275 2540 351 2606 ‘ibis
372 2541 411 2607 ob
431 2541 524 2620 haec,'
546 2541 620 2618 dixi,
644 2546 698 2606 ‘tu
719 2562 842 2623 quoque
865 2541 970 2607 incra
990 2543 1120 2608 viruml'

231 2671 377 2737 nobiliore
397 2670 536 2738 homines
556 2673 673 2739 iactent
692 2694 725 2739 se
746 2673 842 2756 stirpe
861 2681 986 2752 creatos,

271 2805 327 2870 hos
346 2812 451 2870 tamen
472 2806 586 2888 ingenii
606 2806 768 2873 nobilitate
787 2828 912 2890 premes.

230 2959 279 3005 me
299 2960 370 3003 vero
390 2945 463 3005 ante
483 2960 596 3018 omnes,
618 2947 651 3005 te
670 2939 883 3023 praecipiente,
904 2941 1016 3023 parabo

269 3067 447 3150 fungentem
468 3069 574 3135 officiis
595 3069 638 3134 sic
658 3068 784 3150 vigilare
804 3069 888 3146 meis,

228 3206 274 3278 ut,
295 3200 379 3283 quali
399 3209 432 3267 te
452 3201 550 3267 movit
569 3223 655 3267 amor
673 3223 761 3268 meus
781 3203 903 3286 impete,
924 3212 1026 3286 grates

269 3332 329 3409 Illi,
350 3333 404 3414 qui
425 3333 513 3398 nobis
534 3332 636 3398 omnia
655 3333 761 3412 donat,
782 3316 880 3415 agam.
