2708 4230
584 1329 698 1394 Morte
726 1329 876 1395 ADAMI.

229 1649 294 1727 Ille,
316 1650 369 1715 ubi
391 1672 460 1716 oum
480 1651 544 1716 risu
565 1658 639 1716 sunt
659 1651 777 1716 lumina
797 1651 900 1717 clausa
920 1650 1035 1732 quieto,

269 1790 353 1855 labra
370 1799 473 1857 movet
493 1791 604 1856 tacitas
624 1813 680 1858 eeu
701 1793 780 1857 ferat
800 1813 850 1858 ore
870 1813 992 1874 preces3

229 1952 320 2014 quem
340 1953 440 2014 prope,
464 1932 537 1996 dum
558 1933 686 2015 genibus
706 1933 758 2016 pia
777 1955 832 1998 nos
851 1933 1021 1999 reverentia
1040 1932 1127 1999 flexis

270 2070 398 2149 detinet,
419 2071 530 2138 emissa
549 2080 598 2138 est
617 2072 672 2136 lux
692 2072 840 2154 necopina
859 2073 937 2154 polo.

228 2209 347 2275 lumina
365 2211 535 2289 transierat,
558 2233 613 2278 nee
633 2233 719 2278 verso
740 2211 871 2289 cardine,
894 2211 970 2277 caeli

270 2353 409 2430 nuntius,
431 2360 548 2418 armata
568 2362 616 2420 est
635 2353 685 2419 eui
705 2373 814 2417 manus
835 2371 907 2418 ense
927 2350 993 2417 Dei.

231 2496 299 2562 luce
319 2495 477 2562 renidebat
497 2495 589 2562 faties
609 2517 664 2561 eeu
685 2495 814 2576 fulgure,
835 2495 929 2560 vestis

272 2637 327 2701 nix
346 2636 485 2702 velutin
506 2636 641 2714 summis,
664 2634 871 2714 suboriente,
894 2635 982 2719 iugis.

232 2776 295 2854 sed,
316 2784 381 2842 tam
400 2776 485 2841 mitis
504 2784 571 2843 erat
591 2776 709 2842 nitidae
728 2775 901 2858 praesentia
920 2774 1075 2841 formae-

273 2915 415 2998 depesuit
434 2916 548 2982 rabiem
569 2923 676 2999 sponte
696 2915 826 2997 procella
847 2937 953 2994 suam3

234 3079 401 3138 memora,
424 3058 498 3123 dum
519 3066 627 3123 ventos
647 3057 753 3139 abigit,
774 3059 849 3123 dum
869 3058 993 3139 mitigat
1013 3056 1133 3132 imbres,

272 3222 333 3283 pax
353 3199 452 3278 dietis,
475 3199 565 3264 vultu
586 3198 775 3280 significatur
794 3219 886 3264 emor.

233 3341 331 3424 prima
349 3340 435 3407 videt
455 3340 627 3422 clamatque
647 3339 754 3404 videns
774 3337 921 3404 exterrita
941 3344 1038 3402 mater
1050 3361 1100 3401 :-

273 3481 432 3564 excipiunt
451 3481 563 3564 primos
582 3479 695 3563 gaudia
715 3486 832 3561 quanta
851 3487 993 3544 metus-

235 3620 317 3703 ‘ipse
336 3627 393 3697 est,
415 3619 590 3685 caelieolum
610 3617 760 3700 prineeps,
781 3615 835 3698 qui
856 3637 947 3680 eausa
967 3614 1058 3681 beato

272 3781 326 3824 eur
345 3758 465 3842 profugi
485 3759 554 3823 luco
574 3765 660 3840 terge
679 3756 821 3822 daremus
841 3764 915 3822 erat.
