2708 4230
617 149 660 212 83

173 317 250 384 ‘Hie
270 319 384 385 absiste
404 322 509 401 pater!
537 339 637 400 neque
657 317 738 383 enim
759 317 819 382 nisi
839 337 918 399 quae
937 315 1014 380 mihi
1033 316 1107 382 fetis

130 449 269 515 nascenti
290 446 404 530 scripte
426 454 482 525 est,
506 446 599 513 hodie
620 469 684 513 sors
705 448 804 513 instat
826 445 954 513 adulto:

130 580 200 646 vult
222 580 305 647 Deus
328 581 413 659 haee,
438 581 524 648 euius
545 581 621 645 mihi
644 588 690 660 tu,
713 602 769 646 nee
791 585 909 663 sponte,
931 579 1078 646 minister.

132 710 258 789 scilieet,
282 718 319 776 ut
340 711 413 788 vidi,
438 732 507 778 mea
527 734 613 779 mens
636 720 669 777 te
690 712 812 779 adstare
833 718 990 794 parentem

131 842 302 921 admonuit,
324 849 442 925 tueque
462 842 546 907 haud
567 843 629 907 ulia
651 842 710 907 tibi
734 864 807 910 voce
828 843 932 909 locuta
952 850 1007 909 est

132 970 205 1036 novi
226 969 387 1053 equidem3
416 970 470 1036 sed
492 971 587 1036 Parce
608 970 688 1035 trud
712 969 789 1053 pede
810 969 907 1037 ferree
930 971 1043 1037 mentis

132 1103 243 1187 pressit
263 1102 350 1167 humi
373 1103 517 1169 monitus.
559 1123 609 1168 me
631 1103 731 1168 fatum
753 1104 787 1167 in
806 1103 929 1186 proelia,
953 1103 1052 1168 fetum

133 1233 266 1319 impulit,
290 1235 491 1318 ignarumque
512 1235 609 1317 patris
632 1235 762 1302 coniecit
782 1234 816 1298 in
839 1234 969 1300 hastam.

134 1369 189 1435 sed
207 1368 283 1451 quid
304 1369 395 1452 plura
414 1368 544 1452 loquer?
585 1369 733 1435 sileantur
754 1376 873 1445 cetere3
900 1376 1018 1452 patrem

135 1503 247 1582 inveni,
270 1503 313 1569 eit
335 1510 423 1585 petre
444 1525 513 1570 meo
534 1504 666 1585 gaudere
687 1511 815 1586 reperto.

133 1658 216 1702 nune
239 1657 304 1719 age,
327 1657 376 1702 me
397 1636 487 1701 iuxta
508 1636 643 1702 residens
666 1637 700 1700 in
720 1636 845 1719 pulvere
868 1635 985 1718 palmus

131 1770 174 1837 de
195 1770 288 1854 cupiti
312 1770 435 1849 cirrum,
458 1769 655 1852 delibansque
677 1768 780 1834 osenla
801 1769 877 1835 fletu

134 1903 244 1986 tingue
266 1923 369 1985 genas,
394 1910 564 1983 natumque
586 1908 676 1965 tuum
700 1921 750 1966 me
772 1899 896 1966 nomine
918 1900 1009 1966 dieas.

134 2036 206 2115 hue,
228 2044 324 2118 puter,
347 2036 428 2102 adde
450 2035 598 2118 gradum3
627 2033 713 2098 venit
736 2032 811 2098 hore
832 2034 997 2099 novissima
1018 2034 1101 2099 vitae

135 2164 323 2249 festinetque
346 2189 451 2233 meae:
481 2166 556 2248 quid
580 2166 661 2232 enim
686 2165 712 2231 si
736 2165 865 2248 fulguris
889 2165 988 2230 inetur

135 2300 210 2366 huie
229 2321 350 2384 pugnae
371 2300 498 2366 insilui?
524 2322 615 2377 nunc,
641 2320 688 2378 en,
714 2298 801 2364 velut
824 2319 899 2363 auru
919 2298 1036 2377 recedo,

136 2432 250 2499 velocis
268 2431 354 2500 velut
375 2454 450 2496 aura
471 2452 579 2514 repens
600 2430 781 2512 abiunaque
805 2429 911 2496 venti:

137 2565 216 2633 huet
236 2565 350 2633 etenim
372 2572 409 2630 ut
432 2564 541 2631 fierent
563 2564 718 2630 decretum
743 2570 791 2628 eet
812 2563 939 2629 numine
961 2561 1056 2628 cueli'
