<?xml version="1.0" encoding="UTF-8"?>
<!DOCTYPE html PUBLIC "-//W3C//DTD XHTML 1.0 Transitional//EN"
    "http://www.w3.org/TR/xhtml1/DTD/xhtml1-transitional.dtd">
<html xmlns="http://www.w3.org/1999/xhtml" xml:lang="en" lang="en">
 <head>
  <title>
</title>
<meta http-equiv="Content-Type" content="text/html;charset=utf-8" />
  <meta name='ocr-system' content='tesseract 3.04.00' />
  <meta name='ocr-capabilities' content='ocr_page ocr_carea ocr_par ocr_line ocrx_word'/>
</head>
<body>
  <div class='ocr_page' id='page_1' title='image "./apismatinaverse00youngoog_0144.png"; bbox 0 0 2708 4230; ppageno 0'>
   <div class='ocr_carea' id='block_1_1' title="bbox 463 530 823 597">
    <p class='ocr_par' dir='ltr' id='par_1_1' title="bbox 463 530 823 597">
     <span class='ocr_line' id='line_1_1' title="bbox 463 530 823 597; baseline 0 -1"><span class='ocrx_word' id='word_1_1' title='bbox 463 530 648 597; x_wconf 81' lang='lat' dir='ltr'>FLEBILIS</span> <span class='ocrx_word' id='word_1_2' title='bbox 671 530 823 597; x_wconf 87' lang='lat' dir='ltr'><strong>ARBOR.</strong></span> 
     </span>
    </p>
   </div>
   <div class='ocr_carea' id='block_1_2' title="bbox 301 810 1060 1574">
    <p class='ocr_par' dir='ltr' id='par_1_2' title="bbox 301 810 1060 1574">
     <span class='ocr_line' id='line_1_2' title="bbox 303 810 988 896; baseline 0.006 -21"><span class='ocrx_word' id='word_1_3' title='bbox 303 810 365 877; x_wconf 78' lang='lat' dir='ltr'>Hic</span> <span class='ocrx_word' id='word_1_4' title='bbox 384 818 417 876; x_wconf 81' lang='lat' dir='ltr'>te</span> <span class='ocrx_word' id='word_1_5' title='bbox 437 811 522 876; x_wconf 75' lang='lat' dir='ltr'>mitis</span> <span class='ocrx_word' id='word_1_6' title='bbox 542 833 621 889; x_wconf 81' lang='lat' dir='ltr'>orae,</span> <span class='ocrx_word' id='word_1_7' title='bbox 642 817 717 879; x_wconf 81' lang='lat' dir='ltr'><strong>vae!</strong></span> <span class='ocrx_word' id='word_1_8' title='bbox 745 813 849 896; x_wconf 76' lang='lat' dir='ltr'>posuit</span> <span class='ocrx_word' id='word_1_9' title='bbox 869 835 988 891; x_wconf 82' lang='lat' dir='ltr'><strong>manus,</strong></span> 
     </span>
     <span class='ocr_line' id='line_1_3' title="bbox 301 909 942 994; baseline 0.008 -20"><span class='ocrx_word' id='word_1_10' title='bbox 301 909 379 975; x_wconf 83' lang='lat' dir='ltr'>ruris</span> <span class='ocrx_word' id='word_1_11' title='bbox 399 932 479 993; x_wconf 78' lang='lat' dir='ltr'><strong>quae</strong></span> <span class='ocrx_word' id='word_1_12' title='bbox 499 910 603 988; x_wconf 87' lang='lat' dir='ltr'>medii,</span> <span class='ocrx_word' id='word_1_13' title='bbox 623 911 705 994; x_wconf 81' lang='lat' dir='ltr'>pino,</span> <span class='ocrx_word' id='word_1_14' title='bbox 726 910 806 976; x_wconf 83' lang='lat' dir='ltr'>fores</span> <span class='ocrx_word' id='word_1_15' title='bbox 825 909 942 978; x_wconf 87' lang='lat' dir='ltr'><strong>honos:</strong></span> 
     </span>
     <span class='ocr_line' id='line_1_4' title="bbox 302 1007 917 1090; baseline 0.007 -19"><span class='ocrx_word' id='word_1_16' title='bbox 302 1007 355 1071; x_wconf 84' lang='lat' dir='ltr'>vix</span> <span class='ocrx_word' id='word_1_17' title='bbox 374 1007 449 1072; x_wconf 79' lang='lat' dir='ltr'><strong>anni</strong></span> <span class='ocrx_word' id='word_1_18' title='bbox 469 1008 569 1090; x_wconf 79' lang='lat' dir='ltr'>spatio</span> <span class='ocrx_word' id='word_1_19' title='bbox 589 1008 697 1073; x_wconf 75' lang='lat' dir='ltr'><strong>functa</strong></span> <span class='ocrx_word' id='word_1_20' title='bbox 716 1007 917 1075; x_wconf 76' lang='lat' dir='ltr'>iaces-iacet</span> 
     </span>
     <span class='ocr_line' id='line_1_5' title="bbox 382 1105 918 1188; baseline 0.002 -18"><span class='ocrx_word' id='word_1_21' title='bbox 382 1105 493 1172; x_wconf 79' lang='lat' dir='ltr'>tellure</span> <span class='ocrx_word' id='word_1_22' title='bbox 513 1105 590 1172; x_wconf 73' lang='lat' dir='ltr'>haec</span> <span class='ocrx_word' id='word_1_23' title='bbox 610 1126 732 1188; x_wconf 83' lang='lat' dir='ltr'>quoque</span> <span class='ocrx_word' id='word_1_24' title='bbox 751 1105 785 1169; x_wconf 90' lang='lat' dir='ltr'>in</span> <span class='ocrx_word' id='word_1_25' title='bbox 806 1113 918 1172; x_wconf 76' lang='lat' dir='ltr'>extera.</span> 
     </span>
     <span class='ocr_line' id='line_1_6' title="bbox 301 1202 982 1286; baseline 0.001 -19"><span class='ocrx_word' id='word_1_26' title='bbox 301 1210 336 1267; x_wconf 78' lang='lat' dir='ltr'>at</span> <span class='ocrx_word' id='word_1_27' title='bbox 356 1202 497 1285; x_wconf 81' lang='lat' dir='ltr'><strong>quamvis</strong></span> <span class='ocrx_word' id='word_1_28' title='bbox 516 1203 643 1286; x_wconf 78' lang='lat' dir='ltr'>parilem</span> <span class='ocrx_word' id='word_1_29' title='bbox 664 1225 729 1269; x_wconf 83' lang='lat' dir='ltr'>sors</span> <span class='ocrx_word' id='word_1_30' title='bbox 749 1203 836 1268; x_wconf 78' lang='lat' dir='ltr'><strong>dedit</strong></span> <span class='ocrx_word' id='word_1_31' title='bbox 856 1203 982 1282; x_wconf 80' lang='lat' dir='ltr'><strong>exitum,</strong></span> 
     </span>
     <span class='ocr_line' id='line_1_7' title="bbox 302 1302 1060 1384; baseline 0.004 -19"><span class='ocrx_word' id='word_1_32' title='bbox 302 1322 394 1383; x_wconf 80' lang='lat' dir='ltr'><strong>quam</strong></span> <span class='ocrx_word' id='word_1_33' title='bbox 415 1323 478 1365; x_wconf 89' lang='lat' dir='ltr'>non</span> <span class='ocrx_word' id='word_1_34' title='bbox 497 1322 596 1384; x_wconf 73' lang='lat' dir='ltr'>aequa</span> <span class='ocrx_word' id='word_1_35' title='bbox 615 1308 742 1367; x_wconf 75' lang='lat' dir='ltr'><strong>manent</strong></span> <span class='ocrx_word' id='word_1_36' title='bbox 762 1302 895 1367; x_wconf 74' lang='lat' dir='ltr'><strong>stamina</strong></span> <span class='ocrx_word' id='word_1_37' title='bbox 914 1309 1060 1380; x_wconf 71' lang='lat' dir='ltr'><strong>mortuae,</strong></span> 
     </span>
     <span class='ocr_line' id='line_1_8' title="bbox 301 1399 1031 1482; baseline 0.003 -20"><span class='ocrx_word' id='word_1_38' title='bbox 301 1405 339 1464; x_wconf 78' lang='lat' dir='ltr'>tu</span> <span class='ocrx_word' id='word_1_39' title='bbox 360 1399 385 1464; x_wconf 83' lang='lat' dir='ltr'>si</span> <span class='ocrx_word' id='word_1_40' title='bbox 406 1399 513 1465; x_wconf 82' lang='lat' dir='ltr'><strong>fronde</strong></span> <span class='ocrx_word' id='word_1_41' title='bbox 533 1421 617 1466; x_wconf 80' lang='lat' dir='ltr'>cares</span> <span class='ocrx_word' id='word_1_42' title='bbox 638 1399 730 1482; x_wconf 85' lang='lat' dir='ltr'>stirps</span> <span class='ocrx_word' id='word_1_43' title='bbox 750 1399 857 1481; x_wconf 79' lang='lat' dir='ltr'><strong>putris,</strong></span> <span class='ocrx_word' id='word_1_44' title='bbox 879 1399 952 1465; x_wconf 82' lang='lat' dir='ltr'><strong>huic</strong></span> <span class='ocrx_word' id='word_1_45' title='bbox 972 1401 1031 1467; x_wconf 79' lang='lat' dir='ltr'>erit</span> 
     </span>
     <span class='ocr_line' id='line_1_9' title="bbox 383 1496 828 1574; baseline 0.004 -13"><span class='ocrx_word' id='word_1_46' title='bbox 383 1496 438 1562; x_wconf 84' lang='lat' dir='ltr'>lux</span> <span class='ocrx_word' id='word_1_47' title='bbox 458 1504 591 1574; x_wconf 77' lang='lat' dir='ltr'><strong>aeterna,</strong></span> <span class='ocrx_word' id='word_1_48' title='bbox 613 1497 715 1564; x_wconf 84' lang='lat' dir='ltr'><strong>virens</strong></span> <span class='ocrx_word' id='word_1_49' title='bbox 735 1518 828 1563; x_wconf 83' lang='lat' dir='ltr'><strong>amor.</strong></span> 
     </span>
    </p>
   </div>
   <div class='ocr_carea' id='block_1_3' title="bbox 359 1939 858 3579">
    <p class='ocr_par' dir='ltr' id='par_1_3' title="bbox 359 1939 858 2339">
     <span class='ocr_line' id='line_1_10' title="bbox 360 1939 827 2027; baseline -0.011 -15"><span class='ocrx_word' id='word_1_50' title='bbox 360 1940 522 2027; x_wconf 80' lang='grc' dir='ltr'>Στένομέν</span> <span class='ocrx_word' id='word_1_51' title='bbox 545 1967 586 2008; x_wconf 86' lang='grc' dir='ltr'>σε</span> <span class='ocrx_word' id='word_1_52' title='bbox 607 1940 668 2025; x_wconf 80' lang='grc' dir='ltr'>τὴν</span> <span class='ocrx_word' id='word_1_53' title='bbox 690 1939 827 2024; x_wconf 74' lang='grc' dir='ltr'>ἔλεινὴν,</span> 
     </span>
     <span class='ocr_line' id='line_1_11' title="bbox 359 2044 792 2134; baseline -0.005 -20"><span class='ocrx_word' id='word_1_54' title='bbox 359 2046 412 2114; x_wconf 83' lang='grc' dir='ltr'>ὅτι</span> <span class='ocrx_word' id='word_1_55' title='bbox 433 2044 616 2134; x_wconf 81' lang='grc' dir='ltr'>πρενμενής</span> <span class='ocrx_word' id='word_1_56' title='bbox 638 2045 670 2113; x_wconf 89' lang='grc' dir='ltr'>σ’</span> <span class='ocrx_word' id='word_1_57' title='bbox 694 2045 792 2128; x_wconf 82' lang='grc' dir='ltr'>ἔθηκε</span> 
     </span>
     <span class='ocr_line' id='line_1_12' title="bbox 360 2148 858 2239; baseline 0 -22"><span class='ocrx_word' id='word_1_58' title='bbox 360 2153 510 2233; x_wconf 78' lang='grc' dir='ltr'>βασιλὶς,</span> <span class='ocrx_word' id='word_1_59' title='bbox 532 2149 659 2222; x_wconf 87' lang='grc' dir='ltr'>νᾶπονς</span> <span class='ocrx_word' id='word_1_60' title='bbox 681 2148 719 2216; x_wconf 79' lang='grc' dir='ltr'>ἵν’</span> <span class='ocrx_word' id='word_1_61' title='bbox 743 2149 858 2239; x_wconf 78' lang='grc' dir='ltr'>ἄρχοις</span> 
     </span>
     <span class='ocr_line' id='line_1_13' title="bbox 361 2251 757 2339; baseline 0 -18"><span class='ocrx_word' id='word_1_62' title='bbox 361 2253 490 2322; x_wconf 79' lang='grc' dir='ltr'>ε’λατῶν</span> <span class='ocrx_word' id='word_1_63' title='bbox 511 2251 618 2325; x_wconf 92' lang='grc' dir='ltr'>ἄωτος</span> <span class='ocrx_word' id='word_1_64' title='bbox 639 2251 757 2339; x_wconf 89' lang='grc' dir='ltr'>ἄκρος·</span> 
     </span>
    </p>

    <p class='ocr_par' dir='ltr' id='par_1_4' title="bbox 361 2354 821 2965">
     <span class='ocr_line' id='line_1_14' title="bbox 361 2354 821 2444; baseline 0.004 -20"><span class='ocrx_word' id='word_1_65' title='bbox 361 2355 407 2424; x_wconf 83' lang='grc' dir='ltr'>σὺ</span> <span class='ocrx_word' id='word_1_66' title='bbox 429 2356 465 2424; x_wconf 85' lang='grc' dir='ltr'>δὲ</span> <span class='ocrx_word' id='word_1_67' title='bbox 486 2354 585 2444; x_wconf 83' lang='grc' dir='ltr'>δαρὸν</span> <span class='ocrx_word' id='word_1_68' title='bbox 607 2357 646 2423; x_wconf 81' lang='grc' dir='ltr'>οὐ</span> <span class='ocrx_word' id='word_1_69' title='bbox 669 2355 821 2437; x_wconf 81' lang='grc' dir='ltr'>τέθηλας,</span> 
     </span>
     <span class='ocr_line' id='line_1_15' title="bbox 361 2459 789 2544; baseline 0.009 -15"><span class='ocrx_word' id='word_1_70' title='bbox 361 2462 433 2535; x_wconf 82' lang='grc' dir='ltr'>ἔτος</span> <span class='ocrx_word' id='word_1_71' title='bbox 456 2462 558 2529; x_wconf 81' lang='grc' dir='ltr'>οὖλον</span> <span class='ocrx_word' id='word_1_72' title='bbox 581 2463 641 2528; x_wconf 85' lang='grc' dir='ltr'>οὐκ</span> <span class='ocrx_word' id='word_1_73' title='bbox 663 2459 789 2544; x_wconf 82' lang='grc' dir='ltr'>ἐπέζης,</span> 
     </span>
     <span class='ocr_line' id='line_1_16' title="bbox 362 2559 807 2651; baseline -0.007 -21"><span class='ocrx_word' id='word_1_74' title='bbox 362 2562 505 2651; x_wconf 80' lang='grc' dir='ltr'>φθιμένη</span> <span class='ocrx_word' id='word_1_75' title='bbox 528 2561 564 2629; x_wconf 86' lang='grc' dir='ltr'>δὲ</span> <span class='ocrx_word' id='word_1_76' title='bbox 584 2562 633 2650; x_wconf 82' lang='grc' dir='ltr'><strong><em>χῆ</em></strong></span> <span class='ocrx_word' id='word_1_77' title='bbox 654 2560 686 2628; x_wconf 88' lang='grc' dir='ltr'>σ’</span> <span class='ocrx_word' id='word_1_78' title='bbox 709 2559 807 2643; x_wconf 79' lang='grc' dir='ltr'>ἔθηκε</span> 
     </span>
     <span class='ocr_line' id='line_1_17' title="bbox 362 2666 755 2754; baseline -0.005 -19"><span class='ocrx_word' id='word_1_79' title='bbox 362 2667 554 2739; x_wconf 83' lang='grc' dir='ltr'>διαπόντιος</span> <span class='ocrx_word' id='word_1_80' title='bbox 576 2666 755 2754; x_wconf 77' lang='grc' dir='ltr'>κέχωσται.</span> 
     </span>
     <span class='ocr_line' id='line_1_18' title="bbox 361 2767 790 2862; baseline -0.007 -24"><span class='ocrx_word' id='word_1_81' title='bbox 361 2771 489 2862; x_wconf 78' lang='grc' dir='ltr'>ταχέως</span> <span class='ocrx_word' id='word_1_82' title='bbox 510 2767 563 2858; x_wconf 89' lang='grc' dir='ltr'>ἄρ’</span> <span class='ocrx_word' id='word_1_83' title='bbox 584 2769 644 2856; x_wconf 76' lang='grc' dir='ltr'>ᾖξε</span> <span class='ocrx_word' id='word_1_84' title='bbox 667 2772 790 2856; x_wconf 83' lang='grc' dir='ltr'>Μοῖρα,</span> 
     </span>
     <span class='ocr_line' id='line_1_19' title="bbox 361 2872 777 2965; baseline -0.007 -23"><span class='ocrx_word' id='word_1_85' title='bbox 361 2876 491 2965; x_wconf 78' lang='grc' dir='ltr'>ταχέως</span> <span class='ocrx_word' id='word_1_86' title='bbox 513 2872 645 2943; x_wconf 76' lang='grc' dir='ltr'>ἀνεῖλον</span> <span class='ocrx_word' id='word_1_87' title='bbox 666 2874 777 2960; x_wconf 85' lang='grc' dir='ltr'>ἄμφω,</span> 
     </span>
    </p>

    <p class='ocr_par' dir='ltr' id='par_1_5' title="bbox 362 2974 813 3164">
     <span class='ocr_line' id='line_1_20' title="bbox 362 2974 813 3062; baseline -0.002 -17"><span class='ocrx_word' id='word_1_88' title='bbox 362 2976 400 3045; x_wconf 85' lang='grc' dir='ltr'>τὸ</span> <span class='ocrx_word' id='word_1_89' title='bbox 423 2976 458 3044; x_wconf 86' lang='grc' dir='ltr'>δὲ</span> <span class='ocrx_word' id='word_1_90' title='bbox 481 2983 568 3062; x_wconf 83' lang='grc' dir='ltr'>νῆμα</span> <span class='ocrx_word' id='word_1_91' title='bbox 589 2974 813 3044; x_wconf 76' lang='grc' dir='ltr'>τούπίλοιπον</span> 
     </span>
     <span class='ocr_line' id='line_1_21' title="bbox 365 3079 734 3164; baseline -0.005 -15"><span class='ocrx_word' id='word_1_92' title='bbox 365 3082 518 3164; x_wconf 81' lang='grc' dir='ltr'>ἰσομηκὲς</span> <span class='ocrx_word' id='word_1_93' title='bbox 540 3079 600 3148; x_wconf 79' lang='grc' dir='ltr'>οὐκ</span> <span class='ocrx_word' id='word_1_94' title='bbox 622 3079 734 3159; x_wconf 81' lang='grc' dir='ltr'>ἔδωκε,</span> 
     </span>
    </p>

    <p class='ocr_par' dir='ltr' id='par_1_6' title="bbox 363 3181 838 3579">
     <span class='ocr_line' id='line_1_22' title="bbox 363 3181 838 3270; baseline -0.008 -17"><span class='ocrx_word' id='word_1_95' title='bbox 363 3184 407 3253; x_wconf 75' lang='grc' dir='ltr'>σὺ</span> <span class='ocrx_word' id='word_1_96' title='bbox 429 3183 490 3270; x_wconf 78' lang='grc' dir='ltr'>μὲν</span> <span class='ocrx_word' id='word_1_97' title='bbox 511 3183 541 3252; x_wconf 79' lang='grc' dir='ltr'>εἶ</span> <span class='ocrx_word' id='word_1_98' title='bbox 562 3181 697 3250; x_wconf 82' lang='grc' dir='ltr'>κλάδων</span> <span class='ocrx_word' id='word_1_99' title='bbox 719 3182 838 3270; x_wconf 82' lang='grc' dir='ltr'>ἄτερθε</span> 
     </span>
     <span class='ocr_line' id='line_1_23' title="bbox 363 3285 796 3378; baseline -0.007 -23"><span class='ocrx_word' id='word_1_100' title='bbox 363 3287 526 3378; x_wconf 82' lang='grc' dir='ltr'>στέλεχος</span> <span class='ocrx_word' id='word_1_101' title='bbox 548 3285 703 3369; x_wconf 82' lang='grc' dir='ltr'>σέσηπας</span> <span class='ocrx_word' id='word_1_102' title='bbox 724 3285 796 3370; x_wconf 82' lang='grc' dir='ltr'>ἤδη,</span> 
     </span>
     <span class='ocr_line' id='line_1_24' title="bbox 363 3389 811 3474; baseline 0.009 -16"><span class='ocrx_word' id='word_1_103' title='bbox 363 3390 496 3459; x_wconf 78' lang='grc' dir='ltr'>θαλέθει</span> <span class='ocrx_word' id='word_1_104' title='bbox 517 3389 552 3458; x_wconf 82' lang='grc' dir='ltr'>δὲ</span> <span class='ocrx_word' id='word_1_105' title='bbox 574 3395 633 3474; x_wconf 84' lang='grc' dir='ltr'>τῆς</span> <span class='ocrx_word' id='word_1_106' title='bbox 656 3390 811 3474; x_wconf 83' lang='grc' dir='ltr'>ποθεινῆς</span> 
     </span>
     <span class='ocr_line' id='line_1_25' title="bbox 363 3491 734 3579; baseline -0.008 -17"><span class='ocrx_word' id='word_1_107' title='bbox 363 3493 453 3579; x_wconf 82' lang='grc' dir='ltr'>ὄνομ’</span> <span class='ocrx_word' id='word_1_108' title='bbox 476 3495 511 3561; x_wconf 76' lang='grc' dir='ltr'>ἐν</span> <span class='ocrx_word' id='word_1_109' title='bbox 533 3494 660 3562; x_wconf 82' lang='grc' dir='ltr'>θεοῖσιν</span> <span class='ocrx_word' id='word_1_110' title='bbox 682 3491 734 3561; x_wconf 74' lang='grc' dir='ltr'>ἀεὶ</span> 
     </span>
    </p>
   </div>
   <div class='ocr_carea' id='block_1_4' title="bbox 364 3595 794 3686">
    <p class='ocr_par' dir='ltr' id='par_1_7' title="bbox 364 3595 794 3686">
     <span class='ocr_line' id='line_1_26' title="bbox 364 3595 794 3686; baseline -0.009 -20"><span class='ocrx_word' id='word_1_111' title='bbox 364 3598 449 3686; x_wconf 83' lang='grc' dir='ltr'>φᾶος</span> <span class='ocrx_word' id='word_1_112' title='bbox 470 3596 568 3682; x_wconf 84' lang='grc' dir='ltr'>ἡλίου</span> <span class='ocrx_word' id='word_1_113' title='bbox 588 3595 794 3678; x_wconf 74' lang='grc' dir='ltr'>βλεποθσης.</span> 
     </span>
    </p>
   </div>
   <div class='ocr_carea' id='block_1_5' title="bbox 0 0 1362 4230">
    <p class='ocr_par' dir='ltr' id='par_1_8' title="bbox 0 0 1362 4230">
     <span class='ocr_line' id='line_1_27' title="bbox 0 0 1362 4230; baseline 0 0"><span class='ocrx_word' id='word_1_114' title='bbox 0 0 1362 4230; x_wconf 95' lang='lat' dir='ltr'> </span> 
     </span>
    </p>
   </div>
  </div>
 </body>
</html>
