2708 4230
673 118 715 186 73

228 288 311 355 unde
330 309 433 372 genus,
454 288 640 373 gracilesque
660 307 778 366 manus,
801 286 938 368 rectique
958 283 1115 368 elephanti

107 425 120 434 '
231 419 402 487 condebant
422 421 476 503 qui
496 442 579 488 more
600 421 700 505 pedes,
722 420 878 486 tabescere
897 439 1002 485 cernas

229 553 405 621 tabescente
424 553 536 619 enims.
579 575 635 620 nec
655 553 717 618 ism
737 551 793 618 hos
813 551 889 618 tulit
909 550 963 616 ills
981 549 1098 615 labores

229 690 333 751 ments
353 705 460 766 aeque,
482 682 537 750 sed
556 683 642 749 humi
662 681 862 765 procumbens
883 702 1005 758 cernua,
1025 685 1125 745 terroe

230 814 364 897 applicat
385 815 548 899 impatiens
568 814 655 878 nimii
675 813 802 897 fulgoris
822 813 941 888 ocellos,

232 945 416 1028 herbamque
435 952 584 1013 attrectat
602 945 724 1028 digitis,
740 944 766 1011 si
786 943 870 1011 febre
889 943 984 1010 levuri

231 1076 367 1160 gramine
386 1077 421 1141 in
440 1077 540 1143 arenti
559 1075 678 1160 possint
698 1075 817 1141 urentia
837 1073 930 1140 lsbru

231 1216 309 1289 tum,
330 1218 424 1292 caput
444 1217 578 1276 erectum
598 1208 754 1285 attollens,
775 1228 853 1290 vogn
872 1206 992 1272 lumina
1012 1227 1131 1272 sursum

232 1340 344 1424 dirigit,
367 1341 483 1407 amenti
504 1340 620 1419 similis,
642 1363 772 1424 quorum
792 1341 900 1423 igneus
921 1362 1009 1406 umor

232 1473 365 1539 crinibus
385 1495 403 1540 e
423 1473 518 1557 nigris
539 1494 679 1539 umerum
699 1495 753 1556 per
773 1482 939 1557 utrumque
960 1474 1068 1540 solutis

232 1603 340 1682 clucet,
360 1605 497 1689 geminos
517 1605 615 1671 veluti
635 1628 706 1672 cum
727 1605 760 1670 in
781 1605 860 1671 valle
880 1605 1008 1671 reducto

231 1758 397 1820 purpureas
417 1737 499 1804 inter
518 1737 661 1803 Psmessi
680 1736 794 1804 videris
814 1756 897 1802 arces

231 1867 348 1937 elucere
367 1869 461 1949 locus,
483 1879 617 1938 moestae
637 1870 695 1936 sub
715 1870 857 1953 lampade
877 1870 976 1937 lunae.

231 1998 303 2067 inde
324 2000 441 2084 chelyn,
463 2024 542 2085 quae
562 2003 651 2067 iuxta
671 2002 786 2080 aderet,
808 2002 889 2085 rapit
909 2002 971 2081 illa,
993 2001 1144 2084 rudesque

231 2132 323 2211 elicit,
345 2133 504 2217 impellens
524 2143 669 2218 urgentes
687 2135 749 2214 fils,
771 2155 914 2201 cencres:

232 2288 304 2331 mox
323 2265 408 2333 dolet
427 2266 566 2333 abiecta:
597 2267 712 2346 ‘sileas
735 2290 763 2345 a,
785 2266 910 2332 luminis
931 2286 1038 2349 expers

231 2404 331 2464 terrae
350 2397 519 2464 visceribus
538 2398 644 2481 genite
664 2407 696 2464 et
716 2399 874 2464 testudine
894 2397 1011 2480 proles!

230 2551 284 2596 cur
302 2529 378 2594 mihi
400 2529 554 2597 discordes
574 2551 715 2596 numeros
735 2530 814 2596 male
835 2551 967 2596 consona
986 2530 1076 2607 rides,

233 2670 313 2728 sorte
332 2659 406 2727 licet
426 2657 540 2743 triplici
560 2667 593 2726 te
612 2660 778 2726 fortunent
799 2662 956 2744 Olympus,

232 2790 357 2858 reddere
378 2813 448 2857 cum
467 2810 601 2873 nequeas
621 2791 682 2858 nisi
702 2815 778 2875 quos
798 2794 969 2876 generosior
989 2794 1057 2860 istis

232 2920 358 2989 dicturit
378 2934 489 2990 notura
509 2926 623 3004 modos,
645 2948 681 2991 uc
701 2947 762 2989 non
783 2932 847 3003 tus,
870 2924 1029 2991 chordisl'
