<?xml version="1.0" encoding="UTF-8"?>
<!DOCTYPE html PUBLIC "-//W3C//DTD XHTML 1.0 Transitional//EN"
    "http://www.w3.org/TR/xhtml1/DTD/xhtml1-transitional.dtd">
<html xmlns="http://www.w3.org/1999/xhtml" xml:lang="en" lang="en">
 <head>
  <title>
</title>
<meta http-equiv="Content-Type" content="text/html;charset=utf-8" />
  <meta name='ocr-system' content='tesseract 3.04.00' />
  <meta name='ocr-capabilities' content='ocr_page ocr_carea ocr_par ocr_line ocrx_word'/>
</head>
<body>
  <div class='ocr_page' id='page_1' title='image "./apismatinaverse00youngoog_0207.png"; bbox 0 0 2708 4230; ppageno 0'>
   <div class='ocr_carea' id='block_1_1' title="bbox 554 573 872 816">
    <p class='ocr_par' dir='ltr' id='par_1_1' title="bbox 554 573 872 816">
     <span class='ocr_line' id='line_1_1' title="bbox 554 573 872 640; baseline -0.003 0"><span class='ocrx_word' id='word_1_1' title='bbox 554 573 603 640; x_wconf 89' lang='lat' dir='ltr'><strong>IN</strong></span> <span class='ocrx_word' id='word_1_2' title='bbox 633 573 872 640; x_wconf 82' lang='lat' dir='ltr'>MEMORIAM</span> 
     </span>
     <span class='ocr_line' id='line_1_2' title="bbox 555 747 866 816; baseline -0.016 0"><span class='ocrx_word' id='word_1_3' title='bbox 555 748 587 815; x_wconf 81' lang='grc'><strong>0.</strong></span> <span class='ocrx_word' id='word_1_4' title='bbox 619 748 654 816; x_wconf 82' lang='lat' dir='ltr'><strong>G.</strong></span> <span class='ocrx_word' id='word_1_5' title='bbox 685 747 866 816; x_wconf 82' lang='lat' dir='ltr'><strong>GORDON.</strong></span> 
     </span>
    </p>
   </div>
   <div class='ocr_carea' id='block_1_2' title="bbox 388 1024 1039 1096">
    <p class='ocr_par' dir='ltr' id='par_1_2' title="bbox 388 1024 1039 1096">
     <span class='ocr_line' id='line_1_3' title="bbox 388 1024 1039 1096; baseline 0.003 -15"><span class='ocrx_word' id='word_1_6' title='bbox 388 1025 450 1096; x_wconf 71' lang='grc' dir='ltr'><strong>ΒΥ,</strong></span> <span class='ocrx_word' id='word_1_7' title='bbox 478 1025 612 1082; x_wconf 72' lang='lat' dir='ltr'><strong>eom:</strong></span> <span class='ocrx_word' id='word_1_8' title='bbox 640 1026 769 1082; x_wconf 78' lang='grc' dir='ltr'><strong>ΑΓΑΘΕ</strong></span> <span class='ocrx_word' id='word_1_9' title='bbox 798 1027 868 1084; x_wconf 78' lang='grc' dir='ltr'><strong>ΚΑΙ</strong></span> <span class='ocrx_word' id='word_1_10' title='bbox 896 1024 1039 1087; x_wconf 70' lang='lat' dir='ltr'><strong>mm!</strong></span> 
     </span>
    </p>
   </div>
   <div class='ocr_carea' id='block_1_3' title="bbox 248 1292 985 1552">
    <p class='ocr_par' dir='ltr' id='par_1_3' title="bbox 248 1292 985 1552">
     <span class='ocr_line' id='line_1_4' title="bbox 248 1292 985 1376; baseline -0.003 -15"><span class='ocrx_word' id='word_1_11' title='bbox 248 1292 370 1361; x_wconf 81' lang='lat' dir='ltr'><strong>Norant</strong></span> <span class='ocrx_word' id='word_1_12' title='bbox 389 1292 564 1376; x_wconf 74' lang='lat' dir='ltr'><strong>Aethiopes,</strong></span> <span class='ocrx_word' id='word_1_13' title='bbox 586 1302 676 1359; x_wconf 79' lang='lat' dir='ltr'><strong>norat</strong></span> <span class='ocrx_word' id='word_1_14' title='bbox 696 1301 728 1360; x_wconf 82' lang='lat' dir='ltr'><strong>te</strong></span> <span class='ocrx_word' id='word_1_15' title='bbox 749 1293 852 1361; x_wconf 80' lang='lat' dir='ltr'><strong>Serica</strong></span> <span class='ocrx_word' id='word_1_16' title='bbox 871 1293 985 1361; x_wconf 78' lang='lat' dir='ltr'><strong>tellus:</strong></span> 
     </span>
     <span class='ocr_line' id='line_1_5' title="bbox 288 1440 936 1552; baseline 0 -44"><span class='ocrx_word' id='word_1_17' title='bbox 288 1443 352 1552; x_wconf 80' lang='lat' dir='ltr'><strong>lux,</strong></span> <span class='ocrx_word' id='word_1_18' title='bbox 372 1441 482 1520; x_wconf 76' lang='lat' dir='ltr'><strong>tutela,</strong></span> <span class='ocrx_word' id='word_1_19' title='bbox 503 1440 586 1508; x_wconf 86' lang='lat' dir='ltr'><strong>salus</strong></span> <span class='ocrx_word' id='word_1_20' title='bbox 606 1441 741 1507; x_wconf 86' lang='lat' dir='ltr'><strong>millibus</strong></span> <span class='ocrx_word' id='word_1_21' title='bbox 760 1464 843 1507; x_wconf 86' lang='lat' dir='ltr'><strong>unus</strong></span> <span class='ocrx_word' id='word_1_22' title='bbox 862 1463 936 1508; x_wconf 83' lang='lat' dir='ltr'><strong>erae.</strong></span> 
     </span>
    </p>
   </div>
   <div class='ocr_carea' id='block_1_4' title="bbox 246 1591 1218 3158">
    <p class='ocr_par' dir='ltr' id='par_1_4' title="bbox 246 1591 1057 1818">
     <span class='ocr_line' id='line_1_6' title="bbox 246 1591 1057 1676; baseline 0.004 -19"><span class='ocrx_word' id='word_1_23' title='bbox 246 1611 319 1676; x_wconf 78' lang='lat' dir='ltr'><strong>ergo</strong></span> <span class='ocrx_word' id='word_1_24' title='bbox 338 1591 393 1658; x_wconf 87' lang='lat' dir='ltr'><strong>ubi</strong></span> <span class='ocrx_word' id='word_1_25' title='bbox 412 1591 452 1659; x_wconf 90' lang='lat' dir='ltr'><strong>de</strong></span> <span class='ocrx_word' id='word_1_26' title='bbox 472 1592 587 1674; x_wconf 86' lang='lat' dir='ltr'><strong>eampis</strong></span> <span class='ocrx_word' id='word_1_27' title='bbox 606 1591 691 1657; x_wconf 88' lang='lat' dir='ltr'><strong>haud</strong></span> <span class='ocrx_word' id='word_1_28' title='bbox 710 1600 816 1658; x_wconf 77' lang='lat' dir='ltr'><strong>nostro</strong></span> <span class='ocrx_word' id='word_1_29' title='bbox 835 1591 899 1659; x_wconf 86' lang='lat' dir='ltr'><strong>sule</strong></span> <span class='ocrx_word' id='word_1_30' title='bbox 919 1594 1057 1676; x_wconf 83' lang='lat' dir='ltr'><strong>perustis</strong></span> 
     </span>
     <span class='ocr_line' id='line_1_7' title="bbox 287 1737 987 1818; baseline -0.003 -14"><span class='ocrx_word' id='word_1_31' title='bbox 287 1738 412 1805; x_wconf 85' lang='lat' dir='ltr'><strong>auribus</strong></span> <span class='ocrx_word' id='word_1_32' title='bbox 431 1737 537 1804; x_wconf 75' lang='lat' dir='ltr'><strong>adlata</strong></span> <span class='ocrx_word' id='word_1_33' title='bbox 556 1744 605 1804; x_wconf 82' lang='lat' dir='ltr'><strong>est</strong></span> <span class='ocrx_word' id='word_1_34' title='bbox 624 1760 685 1803; x_wconf 88' lang='lat' dir='ltr'><strong>vox</strong></span> <span class='ocrx_word' id='word_1_35' title='bbox 706 1737 881 1804; x_wconf 78' lang='lat' dir='ltr'><strong>‘miserere’</strong></span> <span class='ocrx_word' id='word_1_36' title='bbox 902 1737 987 1818; x_wconf 79' lang='lat' dir='ltr'><strong>tuis3</strong></span> 
     </span>
    </p>

    <p class='ocr_par' dir='ltr' id='par_1_5' title="bbox 247 1885 1218 2122">
     <span class='ocr_line' id='line_1_8' title="bbox 247 1885 1218 1970; baseline 0.001 -18"><span class='ocrx_word' id='word_1_37' title='bbox 247 1886 347 1970; x_wconf 87' lang='lat' dir='ltr'><strong>‘quod</strong></span> <span class='ocrx_word' id='word_1_38' title='bbox 367 1907 474 1970; x_wconf 86' lang='lat' dir='ltr'><strong>peseor</strong></span> <span class='ocrx_word' id='word_1_39' title='bbox 493 1885 569 1951; x_wconf 79' lang='lat' dir='ltr'><strong>satis</strong></span> <span class='ocrx_word' id='word_1_40' title='bbox 588 1892 637 1951; x_wconf 84' lang='lat' dir='ltr'><strong>eet</strong></span> <span class='ocrx_word' id='word_1_41' title='bbox 647 1908 656 1965; x_wconf 92' lang='lat'>;</span> <span class='ocrx_word' id='word_1_42' title='bbox 676 1892 787 1964; x_wconf 78' lang='lat' dir='ltr'><strong>vestro,</strong></span> <span class='ocrx_word' id='word_1_43' title='bbox 809 1906 900 1968; x_wconf 87' lang='lat' dir='ltr'><strong>quem</strong></span> <span class='ocrx_word' id='word_1_44' title='bbox 920 1885 1082 1967; x_wconf 75' lang='lat' dir='ltr'><strong>quaeritis,</strong></span> <span class='ocrx_word' id='word_1_45' title='bbox 1104 1887 1218 1953; x_wconf 84' lang='lat' dir='ltr'><strong>adsum</strong></span> 
     </span>
     <span class='ocr_line' id='line_1_9' title="bbox 288 2035 940 2122; baseline -0.008 -18"><span class='ocrx_word' id='word_1_46' title='bbox 288 2037 459 2122; x_wconf 84' lang='lat' dir='ltr'><strong>praesidio:</strong></span> <span class='ocrx_word' id='word_1_47' title='bbox 481 2037 563 2104; x_wconf 84' lang='lat' dir='ltr'><strong>cives</strong></span> <span class='ocrx_word' id='word_1_48' title='bbox 583 2035 654 2102; x_wconf 88' lang='lat' dir='ltr'><strong>vos’</strong></span> <span class='ocrx_word' id='word_1_49' title='bbox 675 2036 721 2102; x_wconf 87' lang='lat' dir='ltr'><strong>ais</strong></span> <span class='ocrx_word' id='word_1_50' title='bbox 744 2041 825 2102; x_wconf 75' lang='lat' dir='ltr'><strong>‘este</strong></span> <span class='ocrx_word' id='word_1_51' title='bbox 844 2035 940 2102; x_wconf 81' lang='lat' dir='ltr'><strong>mei&#39;!</strong></span> 
     </span>
    </p>

    <p class='ocr_par' dir='ltr' id='par_1_6' title="bbox 249 2180 1029 2413">
     <span class='ocr_line' id='line_1_10' title="bbox 249 2180 1020 2266; baseline -0.008 -15"><span class='ocrx_word' id='word_1_52' title='bbox 249 2208 268 2251; x_wconf 90' lang='grc' dir='ltr'>ο</span> <span class='ocrx_word' id='word_1_53' title='bbox 290 2185 392 2251; x_wconf 79' lang='lat' dir='ltr'><strong>Fabiis</strong></span> <span class='ocrx_word' id='word_1_54' title='bbox 412 2183 459 2248; x_wconf 86' lang='lat' dir='ltr'><strong>vir</strong></span> <span class='ocrx_word' id='word_1_55' title='bbox 479 2183 571 2266; x_wconf 82' lang='lat' dir='ltr'><strong>digne</strong></span> <span class='ocrx_word' id='word_1_56' title='bbox 591 2182 687 2264; x_wconf 84' lang='lat' dir='ltr'><strong>magis</strong></span> <span class='ocrx_word' id='word_1_57' title='bbox 708 2181 865 2263; x_wconf 83' lang='lat' dir='ltr'><strong>Pauloque</strong></span> <span class='ocrx_word' id='word_1_58' title='bbox 885 2181 933 2247; x_wconf 89' lang='lat' dir='ltr'><strong>vel</strong></span> <span class='ocrx_word' id='word_1_59' title='bbox 953 2180 1020 2262; x_wconf 90' lang='lat' dir='ltr'><strong>ipso</strong></span> 
     </span>
     <span class='ocr_line' id='line_1_11' title="bbox 290 2329 1029 2413; baseline -0.011 -13"><span class='ocrx_word' id='word_1_60' title='bbox 290 2334 378 2400; x_wconf 84' lang='lat' dir='ltr'><strong>euius</strong></span> <span class='ocrx_word' id='word_1_61' title='bbox 397 2341 450 2399; x_wconf 81' lang='lat' dir='ltr'><strong>eat</strong></span> <span class='ocrx_word' id='word_1_62' title='bbox 470 2331 583 2397; x_wconf 83' lang='lat' dir='ltr'><strong>circum</strong></span> <span class='ocrx_word' id='word_1_63' title='bbox 604 2340 742 2413; x_wconf 82' lang='lat' dir='ltr'><strong>tempora</strong></span> <span class='ocrx_word' id='word_1_64' title='bbox 761 2352 896 2412; x_wconf 79' lang='lat' dir='ltr'><strong>quemue</strong></span> <span class='ocrx_word' id='word_1_65' title='bbox 916 2329 1029 2394; x_wconf 89' lang='lat' dir='ltr'>honor:</span> 
     </span>
    </p>

    <p class='ocr_par' dir='ltr' id='par_1_7' title="bbox 248 2480 1124 2713">
     <span class='ocr_line' id='line_1_12' title="bbox 248 2480 1124 2566; baseline -0.003 -16"><span class='ocrx_word' id='word_1_66' title='bbox 248 2482 404 2566; x_wconf 80' lang='lat' dir='ltr'><strong>quaesibi</strong></span> <span class='ocrx_word' id='word_1_67' title='bbox 425 2481 554 2546; x_wconf 76' lang='lat' dir='ltr'><strong>militiae</strong></span> <span class='ocrx_word' id='word_1_68' title='bbox 574 2483 709 2546; x_wconf 71' lang='lat' dir='ltr'><strong>meroes?</strong></span> <span class='ocrx_word' id='word_1_69' title='bbox 729 2480 784 2562; x_wconf 88' lang='lat' dir='ltr'><strong>qui</strong></span> <span class='ocrx_word' id='word_1_70' title='bbox 804 2480 1025 2545; x_wconf 69' lang='lat' dir='ltr'><strong>fruetusi-ab</strong></span> <span class='ocrx_word' id='word_1_71' title='bbox 1045 2481 1124 2563; x_wconf 86' lang='lat' dir='ltr'><strong>ipsis</strong></span> 
     </span>
     <span class='ocr_line' id='line_1_13' title="bbox 289 2630 925 2713; baseline -0.011 -13"><span class='ocrx_word' id='word_1_72' title='bbox 289 2634 405 2701; x_wconf 81' lang='lat' dir='ltr'><strong>civibus</strong></span> <span class='ocrx_word' id='word_1_73' title='bbox 425 2633 458 2697; x_wconf 89' lang='lat' dir='ltr'><strong>in</strong></span> <span class='ocrx_word' id='word_1_74' title='bbox 479 2632 563 2697; x_wconf 87' lang='lat' dir='ltr'><strong>salva</strong></span> <span class='ocrx_word' id='word_1_75' title='bbox 583 2630 723 2713; x_wconf 80' lang='lat' dir='ltr'><strong>proditus</strong></span> <span class='ocrx_word' id='word_1_76' title='bbox 744 2630 818 2696; x_wconf 80' lang='lat' dir='ltr'><strong>urbe</strong></span> <span class='ocrx_word' id='word_1_77' title='bbox 838 2630 925 2695; x_wconf 84' lang='lat' dir='ltr'><strong>iaces.</strong></span> 
     </span>
    </p>

    <p class='ocr_par' dir='ltr' id='par_1_8' title="bbox 250 2774 1068 3004">
     <span class='ocr_line' id='line_1_14' title="bbox 250 2774 1068 2856; baseline -0.007 -5"><span class='ocrx_word' id='word_1_78' title='bbox 250 2808 306 2853; x_wconf 83' lang='lat' dir='ltr'><strong>nee</strong></span> <span class='ocrx_word' id='word_1_79' title='bbox 327 2793 432 2850; x_wconf 76' lang='lat' dir='ltr'><strong>tamen</strong></span> <span class='ocrx_word' id='word_1_80' title='bbox 452 2774 589 2849; x_wconf 68' lang='lat' dir='ltr'><strong>extinesso</strong></span> <span class='ocrx_word' id='word_1_81' title='bbox 609 2781 692 2845; x_wconf 81' lang='lat' dir='ltr'><strong>vitae</strong></span> <span class='ocrx_word' id='word_1_82' title='bbox 712 2801 792 2844; x_wconf 85' lang='lat' dir='ltr'><strong>mors</strong></span> <span class='ocrx_word' id='word_1_83' title='bbox 812 2779 883 2843; x_wconf 87' lang='lat' dir='ltr'><strong>finis</strong></span> <span class='ocrx_word' id='word_1_84' title='bbox 903 2779 1068 2856; x_wconf 76' lang='lat' dir='ltr'><strong>honestae3</strong></span> 
     </span>
     <span class='ocr_line' id='line_1_15' title="bbox 290 2929 978 3004; baseline -0.013 -4"><span class='ocrx_word' id='word_1_85' title='bbox 290 2957 401 3000; x_wconf 87' lang='lat' dir='ltr'><strong>nomeu</strong></span> <span class='ocrx_word' id='word_1_86' title='bbox 422 2933 627 2998; x_wconf 76' lang='lat' dir='ltr'><strong>inextinctum</strong></span> <span class='ocrx_word' id='word_1_87' title='bbox 647 2929 726 2994; x_wconf 87' lang='lat' dir='ltr'><strong>vivis</strong></span> <span class='ocrx_word' id='word_1_88' title='bbox 746 2929 779 2992; x_wconf 91' lang='lat' dir='ltr'><strong>in</strong></span> <span class='ocrx_word' id='word_1_89' title='bbox 801 2950 852 2995; x_wconf 89' lang='lat' dir='ltr'><strong>ore</strong></span> <span class='ocrx_word' id='word_1_90' title='bbox 871 2929 978 3004; x_wconf 87' lang='lat' dir='ltr'><strong>virum,</strong></span> 
     </span>
    </p>

    <p class='ocr_par' dir='ltr' id='par_1_9' title="bbox 249 3076 987 3158">
     <span class='ocr_line' id='line_1_16' title="bbox 249 3076 987 3158; baseline -0.018 -6"><span class='ocrx_word' id='word_1_91' title='bbox 249 3087 352 3152; x_wconf 85' lang='lat' dir='ltr'><strong>vivere</strong></span> <span class='ocrx_word' id='word_1_92' title='bbox 372 3106 441 3151; x_wconf 87' lang='lat' dir='ltr'><strong>eum</strong></span> <span class='ocrx_word' id='word_1_93' title='bbox 462 3081 580 3147; x_wconf 85' lang='lat' dir='ltr'><strong>miseris</strong></span> <span class='ocrx_word' id='word_1_94' title='bbox 600 3080 693 3146; x_wconf 81' lang='lat' dir='ltr'><strong>fueris</strong></span> <span class='ocrx_word' id='word_1_95' title='bbox 714 3078 763 3144; x_wconf 83' lang='lat' dir='ltr'><strong>eui</strong></span> <span class='ocrx_word' id='word_1_96' title='bbox 785 3077 849 3142; x_wconf 84' lang='lat' dir='ltr'><strong>sola</strong></span> <span class='ocrx_word' id='word_1_97' title='bbox 870 3076 987 3158; x_wconf 85' lang='lat' dir='ltr'><strong>cupido,</strong></span> 
     </span>
    </p>
   </div>
   <div class='ocr_carea' id='block_1_5' title="bbox 292 3223 934 3315">
    <p class='ocr_par' dir='ltr' id='par_1_10' title="bbox 292 3223 934 3315">
     <span class='ocr_line' id='line_1_17' title="bbox 292 3223 934 3315; baseline -0.025 -15"><span class='ocrx_word' id='word_1_98' title='bbox 292 3233 416 3315; x_wconf 83' lang='lat' dir='ltr'><strong>soleque</strong></span> <span class='ocrx_word' id='word_1_99' title='bbox 436 3252 490 3313; x_wconf 87' lang='lat' dir='ltr'><strong>pro</strong></span> <span class='ocrx_word' id='word_1_100' title='bbox 512 3228 628 3293; x_wconf 79' lang='lat' dir='ltr'><strong>miseris</strong></span> <span class='ocrx_word' id='word_1_101' title='bbox 649 3225 744 3308; x_wconf 84' lang='lat' dir='ltr'><strong>gloria</strong></span> <span class='ocrx_word' id='word_1_102' title='bbox 765 3224 831 3288; x_wconf 89' lang='lat' dir='ltr'><strong>visa</strong></span> <span class='ocrx_word' id='word_1_103' title='bbox 851 3223 934 3288; x_wconf 85' lang='lat' dir='ltr'><strong>mori.</strong></span> 
     </span>
    </p>
   </div>
   <div class='ocr_carea' id='block_1_6' title="bbox 246 3490 449 3535">
    <p class='ocr_par' dir='ltr' id='par_1_11' title="bbox 246 3490 449 3535">
     <span class='ocr_line' id='line_1_18' title="bbox 246 3490 449 3535; baseline -0.005 -2"><span class='ocrx_word' id='word_1_104' title='bbox 246 3490 449 3535; x_wconf 74' lang='lat' dir='ltr'>MDCOOLXXXV.</span> 
     </span>
    </p>
   </div>
   <div class='ocr_carea' id='block_1_7' title="bbox 0 0 1360 4230">
    <p class='ocr_par' dir='ltr' id='par_1_12' title="bbox 0 0 1360 4230">
     <span class='ocr_line' id='line_1_19' title="bbox 0 0 1360 4230; baseline 0 0"><span class='ocrx_word' id='word_1_105' title='bbox 0 0 1360 4230; x_wconf 95' lang='lat' dir='ltr'><strong> </strong></span> 
     </span>
    </p>
   </div>
  </div>
 </body>
</html>
