<?xml version="1.0" encoding="UTF-8"?>
<!DOCTYPE html PUBLIC "-//W3C//DTD XHTML 1.0 Transitional//EN"
    "http://www.w3.org/TR/xhtml1/DTD/xhtml1-transitional.dtd">
<html xmlns="http://www.w3.org/1999/xhtml" xml:lang="en" lang="en">
 <head>
  <title>
</title>
<meta http-equiv="Content-Type" content="text/html;charset=utf-8" />
  <meta name='ocr-system' content='tesseract 3.04.00' />
  <meta name='ocr-capabilities' content='ocr_page ocr_carea ocr_par ocr_line ocrx_word'/>
</head>
<body>
  <div class='ocr_page' id='page_1' title='image "./apismatinaverse00youngoog_0078.png"; bbox 0 0 2708 4230; ppageno 0'>
   <div class='ocr_carea' id='block_1_1' title="bbox 436 547 950 614">
    <p class='ocr_par' dir='ltr' id='par_1_1' title="bbox 436 547 950 614">
     <span class='ocr_line' id='line_1_1' title="bbox 436 547 950 614; baseline -0.004 0"><span class='ocrx_word' id='word_1_1' title='bbox 436 547 609 614; x_wconf 81' lang='lat' dir='ltr'><strong>GAELUM</strong></span> <span class='ocrx_word' id='word_1_2' title='bbox 638 547 730 614; x_wconf 89' lang='lat' dir='ltr'>NON</span> <span class='ocrx_word' id='word_1_3' title='bbox 758 547 950 614; x_wconf 88' lang='lat' dir='ltr'>ANIMUM.</span> 
     </span>
    </p>
   </div>
   <div class='ocr_carea' id='block_1_2' title="bbox 228 859 977 951">
    <p class='ocr_par' dir='ltr' id='par_1_2' title="bbox 228 859 977 951">
     <span class='ocr_line' id='line_1_2' title="bbox 228 859 977 951; baseline -0.001 -18"><span class='ocrx_word' id='word_1_4' title='bbox 228 859 381 951; x_wconf 81' lang='lat' dir='ltr'>Legitimo</span> <span class='ocrx_word' id='word_1_5' title='bbox 401 889 456 951; x_wconf 88' lang='lat' dir='ltr'>pro</span> <span class='ocrx_word' id='word_1_6' title='bbox 476 888 547 950; x_wconf 83' lang='lat' dir='ltr'>rege</span> <span class='ocrx_word' id='word_1_7' title='bbox 566 867 659 933; x_wconf 87' lang='lat' dir='ltr'>fidem</span> <span class='ocrx_word' id='word_1_8' title='bbox 680 866 747 932; x_wconf 83' lang='lat' dir='ltr'>sine</span> <span class='ocrx_word' id='word_1_9' title='bbox 766 866 836 934; x_wconf 78' lang='lat' dir='ltr'>labe</span> <span class='ocrx_word' id='word_1_10' title='bbox 855 866 977 949; x_wconf 80' lang='lat' dir='ltr'>profudi</span> 
     </span>
    </p>
   </div>
   <div class='ocr_carea' id='block_1_3' title="bbox 269 1015 895 1096">
    <p class='ocr_par' dir='ltr' id='par_1_3' title="bbox 269 1015 895 1096">
     <span class='ocr_line' id='line_1_3' title="bbox 269 1015 895 1096; baseline 0 -15"><span class='ocrx_word' id='word_1_11' title='bbox 269 1017 378 1084; x_wconf 91' lang='lat' dir='ltr'>militis</span> <span class='ocrx_word' id='word_1_12' title='bbox 389 1041 397 1096; x_wconf 94' lang='lat'>;</span> <span class='ocrx_word' id='word_1_13' title='bbox 426 1039 454 1095; x_wconf 79' lang='lat' dir='ltr'>a,</span> <span class='ocrx_word' id='word_1_14' title='bbox 475 1016 573 1081; x_wconf 88' lang='lat' dir='ltr'>virtus</span> <span class='ocrx_word' id='word_1_15' title='bbox 593 1015 690 1093; x_wconf 82' lang='lat' dir='ltr'>irrite,</span> <span class='ocrx_word' id='word_1_16' title='bbox 711 1037 791 1080; x_wconf 79' lang='lat' dir='ltr'>vene</span> <span class='ocrx_word' id='word_1_17' title='bbox 810 1015 895 1082; x_wconf 89' lang='lat' dir='ltr'>fides.</span> 
     </span>
    </p>
   </div>
   <div class='ocr_carea' id='block_1_4' title="bbox 230 1138 1054 1253">
    <p class='ocr_par' dir='ltr' id='par_1_4' title="bbox 230 1138 1054 1253">
     <span class='ocr_line' id='line_1_4' title="bbox 230 1138 1054 1253; baseline -0.002 -21"><span class='ocrx_word' id='word_1_18' title='bbox 230 1168 301 1235; x_wconf 89' lang='lat' dir='ltr'>huic</span> <span class='ocrx_word' id='word_1_19' title='bbox 320 1189 376 1252; x_wconf 82' lang='lat' dir='ltr'>ego</span> <span class='ocrx_word' id='word_1_20' title='bbox 396 1168 560 1253; x_wconf 77' lang='lat' dir='ltr'>posthabui</span> <span class='ocrx_word' id='word_1_21' title='bbox 579 1166 700 1243; x_wconf 81' lang='lat' dir='ltr'>titulos,</span> <span class='ocrx_word' id='word_1_22' title='bbox 721 1138 914 1249; x_wconf 73' lang='lat' dir='ltr'>patrimbnie,</span> <span class='ocrx_word' id='word_1_23' title='bbox 936 1186 1054 1243; x_wconf 83' lang='lat' dir='ltr'>census,</span> 
     </span>
    </p>
   </div>
   <div class='ocr_carea' id='block_1_5' title="bbox 227 1316 1120 3330">
    <p class='ocr_par' dir='ltr' id='par_1_5' title="bbox 271 1316 1070 1401">
     <span class='ocr_line' id='line_1_5' title="bbox 271 1316 1070 1401; baseline -0.003 -18"><span class='ocrx_word' id='word_1_24' title='bbox 271 1339 410 1401; x_wconf 81' lang='lat' dir='ltr'>quaeque</span> <span class='ocrx_word' id='word_1_25' title='bbox 430 1317 506 1382; x_wconf 92' lang='lat' dir='ltr'>mihi</span> <span class='ocrx_word' id='word_1_26' title='bbox 527 1317 561 1381; x_wconf 92' lang='lat' dir='ltr'>in</span> <span class='ocrx_word' id='word_1_27' title='bbox 580 1316 679 1399; x_wconf 88' lang='lat' dir='ltr'>pretio</span> <span class='ocrx_word' id='word_1_28' title='bbox 700 1337 767 1399; x_wconf 88' lang='lat' dir='ltr'>spes</span> <span class='ocrx_word' id='word_1_29' title='bbox 787 1322 854 1382; x_wconf 83' lang='lat' dir='ltr'>erut</span> <span class='ocrx_word' id='word_1_30' title='bbox 873 1338 936 1381; x_wconf 84' lang='lat' dir='ltr'>une</span> <span class='ocrx_word' id='word_1_31' title='bbox 955 1316 1070 1398; x_wconf 81' lang='lat' dir='ltr'>magis;</span> 
     </span>
    </p>

    <p class='ocr_par' dir='ltr' id='par_1_6' title="bbox 227 1463 1077 1700">
     <span class='ocr_line' id='line_1_6' title="bbox 227 1463 1077 1550; baseline -0.004 -20"><span class='ocrx_word' id='word_1_32' title='bbox 227 1466 309 1532; x_wconf 86' lang='lat' dir='ltr'>hune</span> <span class='ocrx_word' id='word_1_33' title='bbox 327 1474 450 1550; x_wconf 88' lang='lat' dir='ltr'>propter</span> <span class='ocrx_word' id='word_1_34' title='bbox 469 1485 606 1532; x_wconf 87' lang='lat' dir='ltr'>moerens</span> <span class='ocrx_word' id='word_1_35' title='bbox 627 1471 753 1529; x_wconf 86' lang='lat' dir='ltr'>externo</span> <span class='ocrx_word' id='word_1_36' title='bbox 773 1463 806 1527; x_wconf 90' lang='lat' dir='ltr'>in</span> <span class='ocrx_word' id='word_1_37' title='bbox 826 1463 926 1540; x_wconf 86' lang='lat' dir='ltr'>litore,</span> <span class='ocrx_word' id='word_1_38' title='bbox 947 1463 1077 1530; x_wconf 80' lang='lat' dir='ltr'>neudum</span> 
     </span>
     <span class='ocr_line' id='line_1_7' title="bbox 269 1616 955 1700; baseline -0.006 -17"><span class='ocrx_word' id='word_1_39' title='bbox 269 1617 400 1700; x_wconf 86' lang='lat' dir='ltr'>eorporis</span> <span class='ocrx_word' id='word_1_40' title='bbox 420 1618 582 1700; x_wconf 81' lang='lat' dir='ltr'>absumpto</span> <span class='ocrx_word' id='word_1_41' title='bbox 602 1616 717 1694; x_wconf 87' lang='lat' dir='ltr'>robore,</span> <span class='ocrx_word' id='word_1_42' title='bbox 739 1638 833 1682; x_wconf 83' lang='lat' dir='ltr'>canus</span> <span class='ocrx_word' id='word_1_43' title='bbox 853 1636 955 1694; x_wconf 83' lang='lat' dir='ltr'>erem;</span> 
     </span>
    </p>

    <p class='ocr_par' dir='ltr' id='par_1_7' title="bbox 228 1762 1005 1998">
     <span class='ocr_line' id='line_1_8' title="bbox 228 1762 1005 1845; baseline -0.005 -13"><span class='ocrx_word' id='word_1_44' title='bbox 228 1786 291 1844; x_wconf 81' lang='lat' dir='ltr'>seu,</span> <span class='ocrx_word' id='word_1_45' title='bbox 312 1765 402 1832; x_wconf 77' lang='lat' dir='ltr'>Teisa</span> <span class='ocrx_word' id='word_1_46' title='bbox 421 1765 581 1842; x_wconf 81' lang='lat' dir='ltr'>subeunte,</span> <span class='ocrx_word' id='word_1_47' title='bbox 601 1764 651 1830; x_wconf 88' lang='lat' dir='ltr'>tui</span> <span class='ocrx_word' id='word_1_48' title='bbox 671 1784 735 1841; x_wconf 88' lang='lat' dir='ltr'>nos,</span> <span class='ocrx_word' id='word_1_49' title='bbox 757 1764 850 1841; x_wconf 85' lang='lat' dir='ltr'>Arne,</span> <span class='ocrx_word' id='word_1_50' title='bbox 872 1762 1005 1845; x_wconf 80' lang='lat' dir='ltr'>pigebat,</span> 
     </span>
     <span class='ocr_line' id='line_1_9' title="bbox 271 1914 966 1998; baseline -0.006 -16"><span class='ocrx_word' id='word_1_51' title='bbox 271 1936 325 1982; x_wconf 85' lang='lat' dir='ltr'>seu</span> <span class='ocrx_word' id='word_1_52' title='bbox 346 1916 451 1982; x_wconf 87' lang='lat' dir='ltr'>sonuit</span> <span class='ocrx_word' id='word_1_53' title='bbox 470 1937 599 1998; x_wconf 82' lang='lat' dir='ltr'>quercus</span> <span class='ocrx_word' id='word_1_54' title='bbox 620 1914 698 1980; x_wconf 81' lang='lat' dir='ltr'>silva</span> <span class='ocrx_word' id='word_1_55' title='bbox 717 1914 856 1980; x_wconf 84' lang='lat' dir='ltr'>Levema</span> <span class='ocrx_word' id='word_1_56' title='bbox 875 1935 966 1980; x_wconf 80' lang='lat' dir='ltr'>meas.</span> 
     </span>
    </p>

    <p class='ocr_par' dir='ltr' id='par_1_8' title="bbox 232 2025 1024 2281">
     <span class='ocr_line' id='line_1_10' title="bbox 232 2025 1024 2148; baseline 0.003 -19"><span class='ocrx_word' id='word_1_57' title='bbox 232 2087 293 2130; x_wconf 85' lang='lat' dir='ltr'>nox</span> <span class='ocrx_word' id='word_1_58' title='bbox 313 2065 454 2148; x_wconf 85' lang='lat' dir='ltr'>quotiens</span> <span class='ocrx_word' id='word_1_59' title='bbox 475 2064 570 2131; x_wconf 81' lang='lat' dir='ltr'>oculis</span> <span class='ocrx_word' id='word_1_60' title='bbox 591 2065 685 2130; x_wconf 80' lang='lat' dir='ltr'>dubet</span> <span class='ocrx_word' id='word_1_61' title='bbox 705 2025 1024 2147; x_wconf 21' lang='lat' dir='ltr'>irrequieta&#39;penates,</span> 
     </span>
     <span class='ocr_line' id='line_1_11' title="bbox 272 2213 900 2281; baseline 0 -1"><span class='ocrx_word' id='word_1_62' title='bbox 272 2213 407 2280; x_wconf 79' lang='lat' dir='ltr'>excussit</span> <span class='ocrx_word' id='word_1_63' title='bbox 426 2214 541 2280; x_wconf 84' lang='lat' dir='ltr'>totiens</span> <span class='ocrx_word' id='word_1_64' title='bbox 561 2214 707 2281; x_wconf 88' lang='lat' dir='ltr'>flentibus</span> <span class='ocrx_word' id='word_1_65' title='bbox 727 2222 795 2281; x_wconf 84' lang='lat' dir='ltr'>orte</span> <span class='ocrx_word' id='word_1_66' title='bbox 815 2215 900 2280; x_wconf 88' lang='lat' dir='ltr'>dies:</span> 
     </span>
    </p>

    <p class='ocr_par' dir='ltr' id='par_1_9' title="bbox 233 2357 1078 2587">
     <span class='ocr_line' id='line_1_12' title="bbox 233 2357 1078 2443; baseline 0.005 -22"><span class='ocrx_word' id='word_1_67' title='bbox 233 2357 306 2421; x_wconf 88' lang='lat' dir='ltr'>dum</span> <span class='ocrx_word' id='word_1_68' title='bbox 325 2379 414 2441; x_wconf 82' lang='lat' dir='ltr'>pesse</span> <span class='ocrx_word' id='word_1_69' title='bbox 433 2358 572 2440; x_wconf 76' lang='lat' dir='ltr'>graviora</span> <span class='ocrx_word' id='word_1_70' title='bbox 591 2359 684 2438; x_wconf 91' lang='lat' dir='ltr'>Deus,</span> <span class='ocrx_word' id='word_1_71' title='bbox 706 2360 788 2442; x_wconf 89' lang='lat' dir='ltr'>quod</span> <span class='ocrx_word' id='word_1_72' title='bbox 809 2368 841 2426; x_wconf 90' lang='lat' dir='ltr'>et</span> <span class='ocrx_word' id='word_1_73' title='bbox 861 2360 927 2443; x_wconf 88' lang='lat' dir='ltr'>ipse</span> <span class='ocrx_word' id='word_1_74' title='bbox 946 2361 1078 2443; x_wconf 74' lang='lat' dir='ltr'>poposci,</span> 
     </span>
     <span class='ocr_line' id='line_1_13' title="bbox 272 2505 905 2587; baseline 0.003 -17"><span class='ocrx_word' id='word_1_75' title='bbox 272 2512 411 2572; x_wconf 81' lang='lat' dir='ltr'>matures</span> <span class='ocrx_word' id='word_1_76' title='bbox 429 2505 565 2587; x_wconf 88' lang='lat' dir='ltr'>requiem</span> <span class='ocrx_word' id='word_1_77' title='bbox 585 2506 692 2572; x_wconf 88' lang='lat' dir='ltr'>mortis</span> <span class='ocrx_word' id='word_1_78' title='bbox 712 2506 790 2573; x_wconf 87' lang='lat' dir='ltr'>inire</span> <span class='ocrx_word' id='word_1_79' title='bbox 810 2507 905 2573; x_wconf 81' lang='lat' dir='ltr'>dedit.</span> 
     </span>
    </p>

    <p class='ocr_par' dir='ltr' id='par_1_10' title="bbox 233 2654 1088 2888">
     <span class='ocr_line' id='line_1_14' title="bbox 233 2654 1088 2738; baseline 0.005 -20"><span class='ocrx_word' id='word_1_80' title='bbox 233 2654 370 2737; x_wconf 88' lang='lat' dir='ltr'>quisquis</span> <span class='ocrx_word' id='word_1_81' title='bbox 390 2675 432 2733; x_wconf 89' lang='lat' dir='ltr'>es,</span> <span class='ocrx_word' id='word_1_82' title='bbox 453 2654 589 2736; x_wconf 78' lang='lat' dir='ltr'>ignotam</span> <span class='ocrx_word' id='word_1_83' title='bbox 609 2657 663 2738; x_wconf 90' lang='lat' dir='ltr'>qui</span> <span class='ocrx_word' id='word_1_84' title='bbox 683 2657 763 2723; x_wconf 86' lang='lat' dir='ltr'>forte</span> <span class='ocrx_word' id='word_1_85' title='bbox 783 2656 951 2723; x_wconf 83' lang='lat' dir='ltr'>adverteris</span> <span class='ocrx_word' id='word_1_86' title='bbox 970 2678 1088 2735; x_wconf 79' lang='lat' dir='ltr'>urnam,</span> 
     </span>
     <span class='ocr_line' id='line_1_15' title="bbox 273 2802 1003 2888; baseline 0 -18"><span class='ocrx_word' id='word_1_87' title='bbox 273 2803 356 2886; x_wconf 78' lang='lat' dir='ltr'>regia</span> <span class='ocrx_word' id='word_1_88' title='bbox 376 2802 411 2879; x_wconf 93' lang='lat' dir='ltr'>si,</span> <span class='ocrx_word' id='word_1_89' title='bbox 433 2825 512 2886; x_wconf 82' lang='lat' dir='ltr'>quse</span> <span class='ocrx_word' id='word_1_90' title='bbox 531 2824 590 2882; x_wconf 90' lang='lat' dir='ltr'>me,</span> <span class='ocrx_word' id='word_1_91' title='bbox 611 2812 644 2871; x_wconf 87' lang='lat' dir='ltr'>te</span> <span class='ocrx_word' id='word_1_92' title='bbox 664 2826 787 2888; x_wconf 83' lang='lat' dir='ltr'>quoque</span> <span class='ocrx_word' id='word_1_93' title='bbox 807 2813 889 2872; x_wconf 83' lang='lat' dir='ltr'>terre</span> <span class='ocrx_word' id='word_1_94' title='bbox 908 2805 1003 2885; x_wconf 81' lang='lat' dir='ltr'>tulit3</span> 
     </span>
    </p>

    <p class='ocr_par' dir='ltr' id='par_1_11' title="bbox 236 2948 1111 3184">
     <span class='ocr_line' id='line_1_16' title="bbox 236 2948 1111 3038; baseline 0.006 -25"><span class='ocrx_word' id='word_1_95' title='bbox 236 2969 308 3014; x_wconf 77' lang='lat' dir='ltr'>saxa</span> <span class='ocrx_word' id='word_1_96' title='bbox 326 2969 381 3033; x_wconf 87' lang='lat' dir='ltr'>per</span> <span class='ocrx_word' id='word_1_97' title='bbox 400 2948 470 3015; x_wconf 80' lang='lat' dir='ltr'>elba</span> <span class='ocrx_word' id='word_1_98' title='bbox 488 2970 593 3032; x_wconf 79' lang='lat' dir='ltr'>precor</span> <span class='ocrx_word' id='word_1_99' title='bbox 612 2950 756 3018; x_wconf 80' lang='lat' dir='ltr'>visendae</span> <span class='ocrx_word' id='word_1_100' title='bbox 775 2951 860 3017; x_wconf 77' lang='lat' dir='ltr'>baud</span> <span class='ocrx_word' id='word_1_101' title='bbox 880 2950 1015 3038; x_wconf 26' lang='lat' dir='ltr'>amplius!</span> <span class='ocrx_word' id='word_1_102' title='bbox 1031 2971 1111 3029; x_wconf 82' lang='lat' dir='ltr'>orae,</span> 
     </span>
     <span class='ocr_line' id='line_1_17' title="bbox 274 3100 908 3184; baseline 0 -19"><span class='ocrx_word' id='word_1_103' title='bbox 274 3121 328 3182; x_wconf 83' lang='lat' dir='ltr'>per</span> <span class='ocrx_word' id='word_1_104' title='bbox 346 3106 380 3166; x_wconf 86' lang='lat' dir='ltr'>te</span> <span class='ocrx_word' id='word_1_105' title='bbox 399 3100 454 3183; x_wconf 88' lang='lat' dir='ltr'>qui</span> <span class='ocrx_word' id='word_1_106' title='bbox 473 3121 571 3167; x_wconf 88' lang='lat' dir='ltr'>sermo</span> <span class='ocrx_word' id='word_1_107' title='bbox 590 3122 677 3167; x_wconf 81' lang='lat' dir='ltr'>cerus</span> <span class='ocrx_word' id='word_1_108' title='bbox 697 3100 821 3184; x_wconf 83' lang='lat' dir='ltr'>utrique</span> <span class='ocrx_word' id='word_1_109' title='bbox 840 3100 908 3179; x_wconf 86' lang='lat' dir='ltr'>fuit,</span> 
     </span>
    </p>

    <p class='ocr_par' dir='ltr' id='par_1_12' title="bbox 235 3246 1120 3330">
     <span class='ocr_line' id='line_1_18' title="bbox 235 3246 1120 3330; baseline 0.006 -19"><span class='ocrx_word' id='word_1_110' title='bbox 235 3246 323 3314; x_wconf 88' lang='lat' dir='ltr'>mitte</span> <span class='ocrx_word' id='word_1_111' title='bbox 343 3247 529 3326; x_wconf 80' lang='lat' dir='ltr'>inimicitias,</span> <span class='ocrx_word' id='word_1_112' title='bbox 550 3247 774 3330; x_wconf 72' lang='lat' dir='ltr'>lacrimamque,</span> <span class='ocrx_word' id='word_1_113' title='bbox 795 3248 950 3327; x_wconf 76' lang='lat' dir='ltr'>Britanno,</span> <span class='ocrx_word' id='word_1_114' title='bbox 973 3248 1120 3316; x_wconf 83' lang='lat' dir='ltr'>Britanno</span> 
     </span>
    </p>
   </div>
   <div class='ocr_carea' id='block_1_6' title="bbox 274 3395 992 3476">
    <p class='ocr_par' dir='ltr' id='par_1_13' title="bbox 274 3395 992 3476">
     <span class='ocr_line' id='line_1_19' title="bbox 274 3395 992 3476; baseline 0.001 -15"><span class='ocrx_word' id='word_1_115' title='bbox 274 3397 314 3462; x_wconf 83' lang='lat' dir='ltr'>de</span> <span class='ocrx_word' id='word_1_116' title='bbox 333 3396 428 3464; x_wconf 79' lang='lat' dir='ltr'>cineri</span> <span class='ocrx_word' id='word_1_117' title='bbox 439 3395 632 3476; x_wconf 86' lang='lat' dir='ltr'>3—miserum</span> <span class='ocrx_word' id='word_1_118' title='bbox 652 3396 783 3462; x_wconf 80' lang='lat' dir='ltr'>cersuit</span> <span class='ocrx_word' id='word_1_119' title='bbox 803 3397 863 3464; x_wconf 87' lang='lat' dir='ltr'>iste</span> <span class='ocrx_word' id='word_1_120' title='bbox 882 3416 992 3462; x_wconf 91' lang='lat' dir='ltr'>meum.</span> 
     </span>
    </p>
   </div>
   <div class='ocr_carea' id='block_1_7' title="bbox 0 0 1368 4230">
    <p class='ocr_par' dir='ltr' id='par_1_14' title="bbox 0 0 1368 4230">
     <span class='ocr_line' id='line_1_20' title="bbox 0 0 1368 4230; baseline 0 0"><span class='ocrx_word' id='word_1_121' title='bbox 0 0 1368 4230; x_wconf 95' lang='lat' dir='ltr'> </span> 
     </span>
    </p>
   </div>
  </div>
 </body>
</html>
