2708 4230
721 103 761 171 57

215 269 217 273 ’
235 293 310 337 num
331 272 450 340 sordere
469 280 572 357 potest
591 296 700 339 aurum
721 274 804 356 quod
824 273 858 338 in
878 274 948 357 igne
968 274 1129 356 probatum
1149 275 1220 340 est?

234 409 327 474 immo
347 432 410 475 non
429 432 513 490 auro,
535 411 634 494 speeie
655 411 708 478 sed
728 411 863 476 fallimur
883 411 962 476 auri.
1073 429 1075 433 ·

276 549 325 617 Ire
344 549 425 616 forae
446 550 518 615 olim
539 550 682 634 cupiebat
701 571 805 617 servus
826 551 938 616 Horati
949 574 958 631 ;

235 688 294 768 hie,
316 690 416 772 eapite
436 690 565 773 obstipo,
586 689 679 756 librat
698 690 771 755 dum
793 690 826 754 in
846 691 970 757 cardine
989 692 1102 770 valvas,

235 847 274 893 ne
294 827 353 893 sibi
374 827 452 893 nolit
471 849 542 895 erue
562 827 726 895 oenoedere
745 827 815 910 plue
835 829 972 913 cupienti

235 988 328 1049 quam
347 989 403 1051 par
423 966 466 1033 eit
485 974 636 1046 metuens,
657 944 778 1036 veniam
799 976 887 1036 extra
906 970 1000 1036 lim0n
1020 971 1114 1037 eundi

234 1106 391 1188 postulat:
420 1106 473 1174 ille
493 1107 626 1186 obstans,
649 1112 736 1191 ‘quo‚
757 1109 899 1188 fiuoifor:
920 1111 1032 1192 inquit,
1056 1110 1192 1176 ‘abibiel

235 1249 310 1331 quin
330 1270 476 1329 remanes,
497 1250 647 1333 fugitivus
668 1271 734 1316 erae
754 1250 808 1332 qui
829 1271 947 1333 semper
966 1257 1000 1316 et
1019 1250 1145 1316 emo'-

235 1389 305 1468 ‘nil‚
327 1410 385 1469 ere,
407 1390 498 1473 longo
519 1413 596 1474 opue
615 1398 664 1457 eet
683 1413 784 1468 eursu,
805 1412 912 1473 poseor
931 1390 1021 1456 modo
1042 1391 1075 1455 in
1095 1391 1157 1456 ima

232 1528 294 1595 fine
314 1528 452 1596 viae’-‘
460 1529 694 1612 quorsuml'-‘
702 1530 781 1605 volo,
803 1529 829 1595 si
850 1530 912 1608 dea,
934 1529 1031 1596 visere
1051 1529 1203 1596 amionm’

232 1668 284 1735 ille
304 1670 362 1736 sub
382 1669 447 1748 hoo,
468 1677 627 1752 tamquam
646 1669 730 1736 verbi
751 1669 911 1736 dulcedine
930 1677 1042 1750 metue,

233 1812 309 1874 ‘enl
337 1808 421 1891 quod
439 1808 530 1887 aveo,’
551 1807 605 1886 ait,
629 1811 685 1874 ‘ex
705 1807 807 1872 animo
827 1807 1028 1885 oonoedimue,
1050 1806 1119 1873 exi!
1229 1826 1232 1835 ·

233 1951 309 2033 quin
329 1950 405 2015 mihi
426 1950 472 2017 fer
491 1949 690 2032 chlamydem,
713 1949 755 2014 sit
774 1971 836 2014 nox
855 1949 968 2015 etenim
990 1969 1103 2032 aspera,
1124 1956 1227 2016 tecum

231 2092 330 2158 visere
349 2099 382 2158 et
402 2091 467 2173 ipse
487 2091 587 2168 velim,
609 2111 691 2155 nuno
711 2089 843 2171 primum
862 2097 1002 2169 nanctum,
1024 2089 1174 2155 amioum!

274 2231 343 2314 Ipee
362 2238 483 2314 egomet
503 2251 669 2312 notamque
686 2229 787 2295 virum
807 2237 840 2296 et
860 2251 952 2311 quam
972 2189 1099 2295 mitibus
1119 2236 1200 2296 esset

232 2372 375 2452 moribus,
396 2379 506 2456 utpote
526 2372 580 2455 qui
600 2371 714 2439 totiens
734 2370 885 2438 colludere
905 2392 1023 2437 meeum

233 2513 381 2597 gauderet
399 2534 514 2596 puero:
543 2512 597 2579 sed
617 2519 692 2578 tune
712 2512 844 2594 angebat
865 2511 960 2578 amari

232 2654 334 2722 neseio
354 2654 439 2735 quid,
461 2653 630 2719 iucundum
651 2652 766 2734 alioqui
785 2653 899 2719 mentis
919 2660 952 2719 et
971 2673 1106 2735 aequae:

232 2795 296 2862 eive
316 2795 408 2861 alioui
428 2795 508 2861 male
527 2795 601 2861 fisus
621 2795 654 2860 in
674 2793 752 2860 hane
773 2794 921 2861 exarserit
940 2793 1017 2858 mam

231 2935 385 3020 deeeptus,
407 2935 540 3019 fideique
559 2957 663 3002 reeens
683 2958 702 3001 a
721 2935 848 3002 vulnere
867 2936 987 3017 leeseo3

231 3095 285 3142 seu
306 3097 408 3142 merus
429 3075 481 3142 ille
500 3075 595 3142 animi
615 3077 699 3159 lepor
720 3076 930 3157 innocuusque
950 3075 1050 3154 tamti,

230 3215 328 3298 egerit
346 3215 380 3279 in
401 3215 499 3281 salsae
517 3215 667 3281 ridentem
688 3215 788 3298 iurgia
807 3215 950 3298 liuguae:

228 3356 381 3440 quidquid
401 3365 469 3423 erat
488 3377 621 3436 mursae,
644 3356 752 3422 modus
772 3357 874 3440 arguit
894 3356 947 3424 ille
967 3357 1112 3439 loquendi

228 3509 317 3555 nosse
336 3486 491 3556 hominem
511 3490 661 3555 humanos
682 3496 771 3567 certe,
794 3510 843 3555 me
862 3488 972 3570 iudiee,
994 3512 1100 3558 mores.

271 3620 321 3688 Ne
339 3642 412 3689 vero
432 3622 588 3723 exemplis·
598 3623 781 3690 contendam
801 3622 940 3704 pluribus
961 3643 1058 3705 aequo

226 3761 266 3819 ut
277 3753 390 3821 vitium
408 3777 563 3840 agnoscas,
582 3755 716 3839 gemitur
733 3754 816 3838 quod
834 3755 968 3838 ubique:
991 3755 1166 3838 (molestum
1185 3763 1234 3824 est
