2708 4230
153 640 431 723 GRESSUMQUE
459 643 584 710 CANIS
613 644 864 712 conlunuua
893 644 1061 713 nulnum.

144 915 200 991 En,
220 916 292 998 pagi
312 916 357 980 nil
377 923 461 982 tecta
480 939 602 982 morans
622 915 757 980 iucunda
777 915 886 994 relicti,

144 1055 228 1114 tesca
247 1049 327 1131 petit
348 1048 451 1127 silvae,
474 1049 523 1113 cui
545 1048 656 1113 durum
677 1070 791 1114 munus
811 1049 850 1113 ab
871 1056 940 1114 ortu

143 1179 216 1245 solis
236 1181 276 1244 ad
297 1202 444 1259 occasum,
467 1181 551 1245 nullo
573 1189 739 1263 spectante,
761 1181 922 1263 bipennem

144 1312 252 1391 moliri,
273 1321 306 1380 et
327 1315 430 1380 cuneis
451 1313 608 1379 diffindere
629 1313 721 1378 robur
741 1312 865 1379 adactis.

143 1466 265 1528 corpore
285 1468 347 1511 non
367 1445 483 1528 pingui,
506 1445 560 1511 sed
580 1444 679 1510 acutis
700 1445 823 1511 auribus
843 1468 920 1524 acer,

141 1575 336 1658 decisamque
355 1598 462 1659 gerens
483 1575 602 1641 hirsuto
623 1598 642 1640 a
662 1583 780 1658 tergore
800 1576 937 1653 caudam,

143 1699 216 1774 huic
237 1730 337 1774 comes
357 1708 384 1772 it
404 1707 534 1784 catulus,
556 1707 671 1772 nothus
692 1729 732 1771 an
753 1708 919 1783 venaticus,
942 1694 1062 1790 anceps,

143 1837 183 1903 ad
204 1838 316 1905 calcem
338 1860 391 1905 seu
412 1838 491 1921 repit
511 1838 602 1915 iners,
624 1859 678 1904 seu
699 1838 792 1904 latius
813 1860 916 1905 errans

142 1971 280 2036 cursibus
299 1970 450 2036 immiscet
471 1969 577 2048 saltus,
599 1969 649 2035 vel
668 1971 762 2051 gestit
783 1972 897 2037 eburno

143 2122 281 2184 spargere
302 2100 394 2167 dente
414 2101 500 2166 nives
521 2122 653 2183 promove
674 2101 825 2168 invertere
845 2110 942 2169 rostro
953 2127 961 2182 ;

141 2241 210 2298 tum
230 2232 336 2298 niveos
356 2232 460 2313 quatit
480 2231 623 2298 exultans
643 2232 808 2297 latratibus
828 2241 921 2299 artus.

142 2366 274 2431 rusticus
294 2366 420 2442 interea,
443 2373 531 2430 catus
551 2365 604 2430 ille
624 2372 701 2447 quot
722 2365 857 2448 implicet
877 2375 958 2433 artes

140 2497 186 2563 nil
206 2498 460 2575 animadvertens,
483 2520 544 2580 quo
565 2498 625 2564 fert
645 2497 705 2575 via,
727 2499 827 2580 pergit
847 2498 961 2576 eodem,

140 2653 196 2698 nec
217 2631 300 2697 sistit
319 2652 449 2714 gressus,
470 2652 572 2713 presso
593 2632 651 2697 nisi
673 2632 781 2715 pollice
802 2632 925 2714 quando

139 2765 314 2847 dispensare
334 2766 421 2829 iuvat
441 2765 529 2831 tenui
550 2787 630 2846 quae
649 2773 721 2831 tura
741 2767 839 2832 canali

140 2898 264 2963 naribus
284 2897 446 2979 indulgent
466 2897 585 2962 fumos:
606 2898 691 2962 volat
711 2898 832 2980 agmine
852 2898 942 2980 longo

136 3051 218 3112 pone
238 3051 338 3112 vapor,
360 3029 515 3111 gratisque
536 3028 702 3111 implentur
722 3029 864 3095 odoribus
885 3051 984 3096 aurae,
