2708 4230
331 456 458 544 llapa'rei
481 461 518 524 τὸ
540 465 639 546 exitus
661 461 718 536 τοῨ
741 462 857 538 κόωογ
879 463 999 538 reiron.

318 723 470 792 Tellurem
490 749 649 794 amoenam
669 736 703 793 et
721 751 794 794 rura
812 729 982 795 virentibus

316 855 464 923 distincta
484 859 573 925 sertis
592 859 735 925 laudibus
755 860 863 934 extuli,

356 1009 539 1071 parmaeque
558 990 783 1074 resplendentia
803 991 901 1056 instar

396 1119 530 1186 sidereae
550 1121 649 1203 spatia
669 1120 771 1205 ampla
790 1122 897 1205 ponti:

315 1257 349 1314 at
369 1251 435 1316 visa
454 1258 563 1328 terrae,
585 1253 651 1317 visa
671 1253 776 1318 eadem
798 1259 846 1318 est
865 1253 957 1319 maris

315 1403 375 1446 vox
395 1385 618 1466 conquerentis,
642 1390 778 1450 ‘summa
798 1385 885 1452 venit
904 1384 971 1451 dies

353 1517 477 1600 utrique
497 1528 646 1597 nostrum,
668 1542 744 1602 quos
763 1520 861 1585 tueris

391 1647 489 1714 exitio
510 1650 598 1715 dabit
618 1651 672 1716 illa
692 1651 815 1716 cultua’

310 1784 344 1843 te
364 1777 483 1859 deinde,
506 1788 547 1858 te,
569 1780 623 1860 sol,
645 1784 700 1865 qui
720 1783 920 1848 rutilantibus

309 1911 422 1978 electro
441 1923 475 1979 et
494 1937 569 1980 auro
589 1924 696 1981 vectus
716 1937 783 1982 eras
803 1916 888 1987 rotis,

350 2042 443 2122 labar,
464 2067 520 2112 nec
540 2047 649 2112 aestivi
669 2049 809 2112 tacebam

389 2198 483 2243 snare
502 2178 618 2245 micans
638 2201 692 2261 per
712 2180 804 2246 inane
824 2181 900 2247 caeli

306 2330 398 2390 quam
419 2309 571 2376 mitiorem
592 2312 667 2376 luna
687 2312 782 2378 dabat
801 2313 917 2378 facem:

305 2448 340 2505 at
359 2441 434 2506 luna
455 2441 578 2508 Phoebo
599 2466 731 2510 consona
750 2446 884 2522 rettulit,

348 2579 431 2639 ‘sors
451 2596 514 2640 una
534 2598 591 2642 nos
612 2586 701 2660 urget
721 2579 845 2645 caducis

384 2706 507 2788 ignibus
527 2708 707 2791 impositura
727 2711 839 2778 finam!

304 2859 323 2902 o
343 2837 412 2904 fons
432 2839 589 2918 bonorum,
612 2863 630 2906 o
650 2842 844 2925 principium,
864 2844 959 2919 Deus,

304 2970 354 3036 cui
374 2971 420 3036 nil
440 2973 617 3059 secundum,
639 2975 683 3039 nil
704 2975 804 3042 simila
825 2976 954 3056 exstitit,

341 3107 407 3166 tam
427 3100 480 3167 dia
500 3102 526 3166 si
547 3103 640 3170 fluxis
660 3113 807 3171 venustas

381 3235 470 3303 rebus
490 3237 580 3316 inest,
602 3245 659 3304 tua
679 3239 706 3305 si
725 3239 857 3306 bearunt

298 3374 398 3434 terrae
417 3369 522 3434 ruinas
542 3391 677 3449 munera,
699 3371 725 3435 si
745 3394 842 3453 genus

297 3497 426 3563 mortale
446 3505 594 3578 nostrum,
615 3499 690 3581 quid
710 3501 818 3583 loquar
837 3524 945 3570 aureas

338 3629 475 3698 mercede
495 3653 572 3713 quas
591 3654 702 3715 magna
721 3634 887 3719 redemptis

379 3770 482 3829 tecum
503 3764 563 3830 erit
583 3766 746 3834 incoluisse
765 3769 873 3836 sedes?
