2708 4230
250 1204 353 1284 QUID
381 1206 446 1274 sln
474 1208 684 1277 FU'PURUM
712 1212 817 1281 ORAS
846 1214 956 1282 FUGE
985 1217 1217 1297 QUAERERE.

229 1519 370 1587 Porticus
390 1521 562 1588 anteferes
581 1529 705 1604 tegmen
725 1519 802 1584 mihi
822 1525 957 1602 praestet
977 1525 1010 1585 et
1029 1515 1177 1592 umbram,

273 1681 327 1727 seu
348 1662 457 1729 rutilet
477 1662 601 1730 Phoebo
622 1683 676 1729 seu
696 1669 768 1727 ruat
788 1660 884 1728 imbre
903 1659 991 1743 polus
1001 1682 1009 1739 3

229 1820 290 1866 neu
311 1800 397 1883 parvi
417 1801 498 1867 desit
517 1801 627 1866 modus
647 1799 712 1883 egri
732 1808 884 1883 aptusque
904 1799 1009 1883 ligoni‚

274 1961 414 2023 quaeque
433 1949 517 2008 terat
536 1941 632 2006 flavas
652 1961 723 2008 eree
742 1941 822 2007 ruris
843 1963 923 2024 opes.

233 2104 297 2147 une
315 2082 392 2147 mihi
413 2083 468 2148 det
488 2104 581 2148 vacco
601 2104 712 2162 serum,
735 2082 820 2149 oenie
839 2105 903 2149 une
922 2083 1057 2158 ferinam,

274 2221 357 2304 pleni
377 2221 441 2287 sint
460 2222 553 2288 loculi
573 2243 644 2287 eum
663 2229 750 2305 roget
769 2244 840 2289 aere
860 2244 968 2301 eomes,

233 2361 278 2426 nil
299 2362 407 2429 Croeso
427 2362 581 2430 invideam
600 2386 689 2447 gazeo
709 2386 859 2432 nomenve
878 2364 1051 2448 superbum,

276 2504 409 2570 crastino
427 2526 485 2572 nee
505 2505 588 2588 quod
608 2506 650 2572 sit
670 2506 725 2571 lux
744 2506 883 2590 peritura
902 2507 1003 2574 decus.

235 2778 274 2826 ne
294 2767 382 2842 petet
400 2762 514 2828 Arctoo
535 2762 653 2846 spirens
673 2785 691 2831 e
711 2786 829 2832 oeroere
849 2771 961 2832 ventus

273 2901 391 2984 limine,
412 2905 469 2970 sub
490 2905 610 2988 proprio
631 2913 715 2973 steno
734 2928 803 2973 mee
822 2914 906 2974 teoto
926 2907 1006 2988 iugo,

232 3064 355 3127 quoque
373 3044 450 3109 mihi
471 3045 597 3128 obrepet
616 3045 780 3112 iucundius
798 3045 874 3112 hore
894 3047 1017 3130 soporis,

275 3182 359 3247 rivus
378 3190 431 3249 eat
450 3182 539 3248 iuxta
558 3181 627 3249 lene
646 3183 798 3266 crepantis
817 3203 934 3264 aquae:

234 3321 369 3404 dumque
389 3321 489 3387 oderit
508 3321 575 3388 sine
593 3321 650 3388 lite
669 3299 764 3404 quies,
785 3321 860 3386 dum
879 3320 968 3403 oopie
986 3319 1095 3396 vietus,

275 3468 308 3528 et
327 3460 432 3526 morbo
452 3468 486 3527 et
504 3459 634 3543 trepidis
653 3461 743 3527 eorde
763 3468 885 3527 carente
903 3460 1001 3541 melis,

233 3622 304 3666 oum
325 3600 415 3667 soeiis
434 3599 526 3668 hodie
545 3601 588 3668 sit
606 3601 788 3685 participare
807 3609 922 3685 perata,

273 3743 365 3811 detur
384 3749 417 3809 et
435 3741 486 3809 his
504 3763 640 3811 mensam
660 3763 727 3809 erae
746 3763 871 3810 onerare
890 3742 965 3811 eibo.
