2708 4230
562 1201 754 1269 RIVULUS.

231 1512 317 1592 Rive,
340 1513 433 1578 decus
453 1512 543 1596 preti,
565 1513 712 1579 clivorum
733 1520 877 1596 argentes
896 1513 1004 1595 proles,

272 1655 382 1737 plenus
402 1654 550 1721 inoffenso
571 1654 625 1737 qui
645 1654 722 1738 pede
742 1654 841 1719 volvis
860 1676 966 1736 equas,

231 1802 366 1868 subsidio
386 1803 516 1869 veniunt
535 1803 659 1886 pluviae
678 1803 737 1868 tibi
757 1823 829 1869 vere
847 1802 1003 1881 reductae,

271 1940 359 2006 duris
379 1940 418 2006 ab
438 1941 555 2006 aestivo
575 1962 642 2006 rore
661 1940 795 2007 refertus
816 1962 897 2024 opes.

230 2106 302 2151 mox
323 2085 375 2149 ubi
396 2106 450 2166 per
469 2085 551 2167 ripas
571 2085 714 2150 autumni
735 2085 865 2168 sn’gidus
885 2085 992 2165 imber,

273 2226 332 2290 seri
353 2225 504 2308 quidquid
524 2225 591 2291 hiat
610 2225 702 2303 floris,
725 2225 757 2289 id
778 2247 867 2291 omne
887 2232 966 2305 ruet,

232 2361 339 2426 brume
358 2362 417 2428 tibi
437 2363 540 2429 eh'eiet
560 2362 734 2429 nimborum
753 2362 881 2446 prodiga
900 2363 1008 2439 fontes,

272 2505 347 2569 dum
367 2503 472 2571 redeat
492 2504 559 2570 Mei
578 2526 641 2571 non
662 2505 728 2571 sine
748 2505 822 2572 flore
842 2505 932 2570 calor.

233 2764 267 2822 at
286 2757 355 2836 tibi,
375 2757 459 2836 vita,
480 2758 552 2824 fluis
571 2758 630 2823 rivi
651 2779 729 2840 quee
750 2777 833 2824 more
853 2754 979 2839 firgeeis,

272 2897 320 2962 bis
340 2896 452 2963 violem
472 2897 505 2961 in
525 2918 616 2962 eursu
636 2895 831 2980 progenuisse
850 2895 944 2961 nefas.

233 3037 392 3120 primaque
411 3038 515 3119 elapsa
534 3059 596 3102 non
616 3037 713 3103 altere
733 3035 835 3102 riserit
854 3042 966 3114 aestas,

272 3197 351 3258 quae
370 3184 403 3243 te
423 3176 546 3242 caelesti
566 3196 692 3242 munere
712 3175 788 3241 roris
808 3174 880 3240 alst.

231 3340 302 3401 ergo
323 3317 377 3382 ubi
397 3322 552 3383 rarescent
572 3316 626 3398 qui
646 3323 679 3382 te
699 3336 831 3398 genuere
851 3314 995 3396 liquores,

273 3457 436 3539 clausaque
455 3456 578 3523 deficiet
597 3477 677 3522 vene
696 3455 838 3522 micantis
857 3476 956 3537 equae
966 3477 975 3535 ;

231 3613 328 3674 nuper
348 3591 401 3656 ubi
421 3592 519 3658 vitreo
540 3593 713 3676 spectabilis
733 3613 823 3658 amne
842 3591 968 3671 fluebes,

272 3734 412 3801 sordidus
431 3732 482 3800 hie
501 3735 613 3817 pulvis,
634 3755 690 3800 nee
710 3733 770 3799 nisi
788 3733 900 3816 pulvis,
922 3734 988 3800 erit.
