2708 4230
667 121 731 188 113

234 299 339 360 mente
358 313 469 360 cavens
487 292 693 377 manibusque
712 313 793 371 suae,
815 313 870 360 rex
890 292 1040 378 caespitis,
1062 293 1184 371 herbae,

276 446 354 507 quos
373 431 488 491 temero
508 424 659 508 ingressos
678 423 768 502 vidit,
789 423 893 506 abegit
912 445 1003 507 agro3

234 554 288 636 qui
308 575 364 638 pro
383 552 549 637 discipulis,
571 553 659 638 fungi
678 553 769 620 modo
788 560 893 637 posset
911 552 1003 621 amisi

276 705 411 764 munere,
432 684 482 752 vel
502 684 581 752 servi
601 684 671 751 lene
689 683 823 767 putabat
842 704 926 767 opus.

230 816 329 899 prima
349 838 402 900 spe
422 816 523 900 lapsos
542 817 588 882 nil
607 838 641 885 se
659 839 722 883 non
741 837 831 901 posse
849 816 989 894 docebat,

276 949 328 1017 oui
347 951 449 1033 potior
468 950 555 1034 segni
574 957 718 1017 strenuus
736 957 804 1018 arte
824 941 931 1016 labor:

236 1101 292 1148 neo
312 1082 415 1148 minus
434 1089 526 1165 aptus
545 1088 612 1149 erat
630 1081 762 1165 puerilia
781 1082 873 1149 eorda
891 1082 1024 1167 regendo

276 1215 400 1283 flectere
418 1237 481 1298 quo
500 1214 600 1280 voluit
619 1237 712 1298 quam
731 1215 806 1284 dare
825 1223 985 1301 promptus
1006 1236 1102 1300 opem.

235 1343 559 1423 lusimus-adstabat,
580 1344 655 1410 dum
675 1345 782 1413 roboro
802 1346 931 1412 nitimur
950 1367 1058 1430 aequo,

274 1499 329 1561 spe
348 1477 446 1544 tacita
464 1478 587 1562 patiens
607 1478 834 1547 semianimisve
854 1485 953 1559 metu,

233 1608 330 1674 doneo
350 1607 495 1675 anhelata
514 1615 564 1675 est
582 1609 724 1676 tremulis
743 1632 804 1677 vox
823 1609 961 1678 mascula
981 1609 1083 1689 labris,

277 1763 438 1827 suppresso
457 1742 597 1824 quamvis
615 1764 780 1822 murmure,
802 1743 886 1811 laeta
905 1751 1020 1822 tamen,

241 1874 371 1957 ‘eugel'
399 1894 455 1942 neo
474 1873 528 1940 illa
547 1874 629 1942 senis
649 1897 710 1941 vox
730 1876 866 1944 moribus
885 1876 1009 1956 absona,
1031 1877 1082 1944 oui
1102 1898 1189 1945 mens

278 2015 363 2074 reeta
382 2008 479 2092 magis
498 2016 604 2075 nostra
623 2009 850 2094 simpliciorque
869 2011 967 2079 fides:

239 2161 296 2205 nos
315 2138 370 2204 nbi
390 2139 585 2218 consulimus,
606 2161 656 2207 res
674 2140 728 2207 ille
747 2140 921 2207 industrius
941 2140 1025 2224 egit3

279 2278 385 2337 nostra
403 2271 458 2337 ubi
478 2294 539 2338 vox
557 2272 672 2352 haeret
694 2281 823 2339 noverat
841 2272 895 2340 ille
914 2272 1021 2356 loqui:

239 2403 285 2468 nil
305 2403 399 2486 stirps
418 2403 473 2469 illa
491 2404 579 2471 rudis
597 2404 726 2488 speciosi
745 2404 828 2471 floris
847 2405 990 2484 habebat,

279 2541 389 2618 utpote
409 2534 449 2601 de
467 2555 597 2617 quereus
616 2535 723 2602 robore
743 2556 832 2602 ooesa
850 2555 942 2602 mero.

238 2666 353 2733 arbiter
371 2666 456 2732 hand
474 2665 613 2733 mortalis
632 2666 698 2750 agit
717 2667 758 2734 de
777 2667 919 2735 manibus
939 2667 1021 2748 illis3

279 2799 433 2882 surdaque
451 2799 490 2864 fit
509 2799 619 2866 oineris
638 2799 747 2882 gratia,
767 2820 853 2867 serus
872 2799 992 2866 honos:

240 2933 295 3000 sed
314 2933 422 3012 virtus,
444 2932 498 2999 sed
517 2954 611 3011 amor,
632 2932 687 2999 sed
706 2953 794 3000 mens
814 2953 851 2998 ea
871 2933 994 2999 oonsoia
1013 2934 1088 3013 veri,
1214 2981 1216 2984 -

280 3063 334 3130 sed
353 3063 489 3147 probitas
509 3064 645 3130 nondum
665 3063 728 3130 fine
746 3062 849 3146 potita
867 3062 955 3130 latet

239 3195 393 3274 blandam,
415 3216 484 3262 oare
504 3215 606 3272 senex,
627 3195 740 3261 dormis
759 3194 823 3274 ubi,
845 3216 933 3278 carpe
955 3195 1109 3279 quietem3

280 3305 435 3410 temporis,
458 3348 486 3403 a,
507 3324 611 3408 lepidi,
631 3324 658 3393 si
676 3333 774 3409 potes,
795 3331 867 3391 aota
885 3325 987 3393 refer:

240 3465 275 3523 at
294 3457 462 3540 meliorque
480 3457 558 3525 fides
578 3479 663 3524 amor
682 3465 716 3526 et
735 3457 894 3524 sublimior
914 3457 986 3524 istio

281 3600 315 3660 te
334 3597 489 3670 maneant,
510 3591 538 3657 si
557 3590 633 3673 quid
652 3590 749 3675 pluris
767 3589 931 3675 ademptus
950 3589 1053 3658 habes.

282 3909 310 3952 Y.
