2708 4230
657 99 697 160 51

292 262 418 328 cenanti
436 261 496 328 tubi
515 261 561 327 nil
580 262 641 330 erit
660 262 795 376 maligni,

293 445 329 503 at
348 457 446 505 sermo
466 439 589 522 probus,
609 446 644 504 ut
664 438 784 506 salubre
803 439 920 519 vinum,

296 632 352 679 noo
371 620 480 696 tanget
499 613 559 680 nisi
578 613 739 696 garn'ontia
759 636 847 681 auras

296 808 404 870 parrae
424 789 488 887 sub
501 788 588 855 trabe
607 789 699 872 pinea
718 789 859 872 loquella

296 983 368 1026 nam
386 961 577 1028 brumalibus
598 961 669 1028 hino
689 970 723 1029 at
742 962 813 1028 indo
832 962 933 1030 ventis

294 1134 398 1200 obstat
416 1136 508 1219 pinea
527 1135 613 1214 silva,
634 1135 816 1219 longiusque

297 1329 373 1374 cano
393 1329 432 1375 ex
452 1330 583 1391 aequora
602 1308 716 1375 fluotuu
736 1309 942 1378 intumescens

295 1492 444 1550 cretosum
463 1483 539 1550 fauit
559 1483 692 1567 impetus
712 1483 745 1548 in
764 1505 857 1550 orum

299 1658 349 1725 hio
369 1660 396 1724 si
415 1659 496 1726 forto
514 1659 588 1743 iugo
608 1659 665 1725 sub
686 1657 832 1724 albiounti

299 1835 387 1901 novis
407 1834 524 1910 bullica,
545 1835 665 1901 tardius
684 1835 828 1901 recedens

298 2032 352 2094 por
370 2033 461 2078 nonus
481 2010 571 2078 modo
591 2010 717 2077 luminis
737 2011 827 2078 modo
847 2010 982 2089 umbrae,

301 2194 433 2265 vastum,
454 2207 510 2252 noo
530 2186 608 2253 bane
627 2186 702 2265 visa,
724 2196 828 2271 carpet
848 2209 969 2270 aequor,

302 2384 342 2427 an
362 2318 452 2445 oulna
473 2359 588 2443 Scytha
607 2360 719 2444 dignus
739 2361 936 2445 ambigemuS,

302 2542 410 2618 coepto
430 2534 485 2617 qui
505 2533 565 2600 sibi
584 2533 724 2599 consulat
744 2532 866 2613 duello;

301 2721 407 2779 utrum
427 2713 477 2778 lua
496 2732 599 2796 pones,
620 2711 722 2778 utrius
740 2711 875 2794 tyranni,

302 2886 426 2952 fortuna
445 2885 582 2968 geminas
599 2890 724 2967 nogento
743 2882 855 2961 lancos,

304 3081 369 3125 sora
388 3057 501 3124 victrix
519 3055 657 3141 paritura
677 3055 719 3121 sit
738 3053 951 3138 triumphum

302 3256 343 3299 an
364 3233 449 3299 Mars
469 3231 635 3314 sanguineo
654 3236 743 3314 paret
762 3228 883 3311 flagello

303 3408 456 3492 Europam
475 3407 561 3490 prius
581 3404 715 3470 excitare
734 3410 855 3470 totam:

302 3582 351 3649 his
370 3583 404 3648 ni
424 3590 457 3649 to
477 3581 616 3666 graviora
636 3579 828 3658 detinebunt,

302 3777 381 3839 quae
402 3756 466 3822 sint
486 3777 557 3822 oura
576 3753 641 3820 viro
661 3753 721 3819 diis
741 3761 854 3832 amato,

1042 3873 1127 3934 Η.
1213 3942 1216 3948 Ι
