2708 4230
512 962 702 1031 OA'l'UIrUS
731 963 876 1031 SAGAX.

229 1245 355 1314 Velarat
374 1247 491 1315 medios
510 1254 598 1331 grata
618 1247 663 1313 sol
683 1218 765 1314 nube
785 1247 907 1326 calores,

269 1401 344 1445 aura
365 1385 521 1463 soporatas
540 1380 594 1444 vix
614 1379 752 1462 agitabat
771 1402 876 1462 aquas,

229 1509 376 1576 litterulis
396 1532 466 1576 eum
485 1509 564 1577 forte
584 1512 660 1577 meis
680 1532 813 1593 suraque
833 1510 952 1576 solutus

270 1642 406 1709 errabam
426 1642 460 1705 in
480 1643 555 1725 ripa,
577 1642 676 1709 duleis
696 1644 814 1721 Avona,
836 1652 900 1709 tua.

230 1774 325 1857 stirpe
345 1781 432 1840 satus
452 1774 541 1852 clara,
562 1777 681 1858 generis
700 1776 921 1859 pulcherrimus
940 1775 1031 1853 idem,

270 1927 340 1971 eum
361 1906 485 1973 domino
506 1906 628 1972 catulus
647 1907 753 1990 gestiit
774 1907 818 1974 ire
838 1928 957 1974 comes:

230 2039 326 2122 (hune
346 2040 379 2105 in
399 2040 524 2106 delicias
543 2041 642 2118 binae,
664 2041 768 2107 Venus
787 2050 928 2125 utraque,
949 2040 1102 2124 nymphae

269 2174 464 2255 quaesierant
483 2175 571 2241 nobis
590 2195 867 2257 mnemosynonqus
888 2174 959 2254 sui.)

230 2307 351 2389 iamque
372 2307 499 2374 licenter
518 2329 611 2390 agens
630 2308 730 2373 iuncis
750 2315 782 2373 et
802 2305 973 2372 harundine
994 2305 1089 2370 densa

272 2439 422 2517 conditur,
444 2447 517 2506 ante
538 2440 641 2505 oeulos
661 2440 722 2505 iam
741 2440 907 2522 neeepinus
927 2438 1034 2517 adest3

228 2567 359 2651 aucupio
378 2568 518 2635 intentus
538 2570 600 2634 iam
621 2576 726 2652 captat
744 2569 918 2635 hirundinis
938 2568 1030 2646 alam,

271 2709 395 2768 tantum
414 2724 478 2767 non
498 2701 613 2768 volueri
634 2702 708 2767 dum
729 2702 810 2785 rapit
830 2724 902 2766 arva
921 2700 1002 2785 fuga.

231 2840 354 2916 tempus
374 2840 441 2900 erat
460 2834 564 2898 florem
585 2854 646 2915 quo
667 2832 762 2898 sumit
781 2831 925 2913 aquatica
944 2831 1031 2911 lotos,

272 2965 429 3048 (induerat
449 2965 550 3032 cultus
570 2987 667 3049 nuper
687 2966 796 3031 Avona
816 2986 888 3031 suos
900 2964 922 3045 z)

231 3093 287 3160 hos
307 3115 363 3177 ego
383 3094 513 3160 miratus
533 3094 673 3162 nolebam
693 3103 830 3162 avertere
849 3094 981 3171 vultum,

271 3249 395 3311 unaque
414 3229 575 3313 praecipue
595 3251 675 3312 quae
695 3238 856 3312 cuperstur
876 3237 949 3295 erat.

231 3369 299 3428 tum
320 3363 463 3429 baculum
484 3364 651 3431 extendens
671 3364 761 3447 longe
782 3364 913 3430 conabar
933 3362 973 3428 ad
993 3385 1078 3430 oram

271 3493 391 3574 ducere,
412 3495 457 3561 sie
476 3495 586 3562 melius
605 3503 709 3579 posset
728 3503 766 3560 ut
785 3495 840 3561 illa
859 3495 939 3578 legi;

230 3633 264 3692 et
283 3626 374 3693 modo
395 3649 517 3710 compos
538 3650 620 3694 eram
641 3627 715 3708 voti,
738 3627 792 3695 sed
812 3649 908 3711 paene
927 3629 1063 3696 tenentis

270 3758 364 3826 elusit
384 3759 526 3842 eupidam
547 3759 664 3825 lubrica
683 3759 796 3843 praeda
815 3782 949 3826 manum.
