2708 4230
304 1351 565 1438 cousuauuls
594 1348 790 1418 IUVENEM
817 1347 921 1414 FIDE.
1046 1394 1049 1399 -

190 1626 299 1694 Stabat
319 1630 352 1693 in
373 1630 509 1696 ardentia
529 1637 627 1696 strate
645 1651 721 1712 puer
741 1629 842 1695 abiete
862 1628 992 1712 puppis;

229 1768 345 1834 exierat
365 1771 477 1852 pavida
496 1778 597 1838 cetera
616 1770 708 1837 turba
727 1770 821 1854 fuga:

187 1918 221 1978 et
240 1912 312 1990 iam,
333 1913 467 1980 Volcano
487 1914 564 1980 ratis
583 1914 758 1982 illustrante
777 1914 891 1992 minas,

228 2075 281 2136 per
301 2062 433 2138 stragem
453 2056 593 2122 accendit
613 2056 667 2121 lux
687 2055 804 2139 puerile
823 2062 924 2139 caput.

187 2193 239 2260 ille
259 2202 364 2262 tamen
384 2203 527 2261 constans
546 2195 687 2278 claraque
706 2195 740 2259 in
759 2194 829 2261 luce
848 2195 984 2273 decorus,

227 2341 320 2399 natue
339 2334 389 2398 uti
408 2333 536 2399 tumidis
555 2355 610 2400 rex
629 2333 702 2400 dare
721 2333 790 2399 iura
809 2333 905 2412 fretis,

186 2474 309 2540 rettulit
328 2474 455 2541 heroum
475 2476 573 2559 prisco
593 2474 633 2541 de
652 2474 802 2558 sanguine
821 2481 930 2551 cretos,

227 2636 260 2681 se
279 2636 409 2697 puerum
429 2614 592 2682 ostendens
612 2636 744 2698 corpere,
765 2614 855 2681 corde
874 2614 983 2680 virum.

185 2754 280 2820 latius
300 2756 418 2823 interea
436 2756 535 2822 volvit
554 2777 587 2822 se
606 2756 738 2833 flamma,
760 2755 880 2838 paterni

227 2905 292 2962 stet
310 2919 426 2964 memor
444 2898 495 2964 hic
514 2898 658 2978 monitus,
679 2918 737 2965 nec
756 2898 817 2964 nisi
837 2899 939 2964 iussus
958 2899 1043 2977 abit3

185 3039 304 3122 torpuit
323 3039 376 3107 ille
395 3047 500 3107 tamen
519 3047 607 3124 pater
627 3041 819 3108 exanimatus
839 3041 873 3106 in
893 3041 955 3106 ima

226 3201 335 3264 puppe
357 3200 415 3247 nec
435 3180 551 3246 orantis
570 3180 700 3264 percipit
719 3202 792 3248 aure
811 3201 921 3264 precea

187 3319 268 3386 ‘fare
288 3341 351 3403 age,
373 3320 446 3397 fare,
468 3327 556 3403 pater
562 3320 699 3405 ’-pueri
718 3342 780 3387 vox
799 3321 854 3387 illa
873 3321 1014 3389 relicti-

229 3464 331 3526 ‘satne
350 3460 409 3526 tibi
429 3461 546 3527 factum
565 3463 635 3528 eet?
674 3482 763 3528 mene
782 3482 904 3529 manere
924 3461 1048 3530 iubest’

184 3600 305 3680 inscius,
327 3600 398 3679 heu,
419 3622 529 3681 rerum,
550 3623 641 3684 quem
661 3623 717 3670 nec
736 3602 915 3670 miserabilis
935 3603 1032 3682 audit,

226 3764 282 3811 nec
302 3743 360 3810 sibi
380 3751 558 3828 praereptus
577 3744 636 3810 scit
655 3763 811 3828 superesse
830 3764 946 3828 parens.

186 3885 215 3928 u.
1013 3872 1032 3934 7
