2708 4230
533 968 764 1037 INverslu

270 1224 312 1290 Ni
332 1247 380 1290 res
400 1224 479 1290 forte
498 1231 605 1290 vetent
624 1223 822 1298 molestiores,

266 1357 335 1435 huo,
358 1356 504 1434 Maurice,
525 1354 605 1432 veni,
627 1375 736 1436 parens
756 1362 793 1419 ut
814 1353 892 1418 alter

267 1491 388 1555 visurus
408 1511 538 1572 puerum
557 1489 607 1553 tui
626 1497 755 1571 poetae:

265 1621 391 1688 brumae
410 1629 447 1687 tu
469 1621 556 1703 quasi
576 1621 622 1687 sol
641 1621 745 1688 nitens
764 1621 798 1686 in
818 1620 902 1698 hore,

268 1776 408 1837 praesens
428 1754 539 1820 efficies
559 1762 596 1819 ut
616 1753 681 1837 ipse
701 1754 798 1819 laetos

269 1887 412 1953 exsultim
433 1894 555 1952 moveat
575 1886 666 1969 pedes
687 1884 838 1951 tenellus:

267 2041 338 2084 nem
359 2040 429 2084 oum
449 2018 498 2084 vel
519 2018 643 2100 stygiae
663 2017 735 2082 duoi
756 2024 894 2082 catervae

267 2153 293 2219 is
314 2153 365 2231 sis,
386 2152 511 2220 reddere
531 2153 584 2234 qui
605 2151 683 2217 sciat
703 2151 786 2233 quod
806 2172 938 2232 aequum
958 2158 1013 2225 est,

267 2285 314 2348 vir
333 2307 498 2367 pensorum
518 2283 676 2350 hominum
696 2292 790 2367 atque
809 2282 1026 2359 honestiorum,

268 2415 354 2481 denis
373 2414 508 2481 millibus
528 2415 644 2481 ostiens
664 2415 747 2498 apud
767 2422 800 2481 te

267 2548 400 2614 dirarum
420 2547 542 2614 intonet
560 2569 711 2629 augurum
731 2546 815 2628 quod
835 2568 965 2628 usquam
985 2553 1041 2622 est,

265 2684 414 2759 quantum
434 2683 481 2742 est
500 2675 680 2758 pontificum
701 2682 822 2741 evomat
842 2676 1025 2753 minantum,

264 2807 340 2874 reoti
359 2813 425 2872 ism
445 2804 518 2888 quie
538 2807 580 2871 sis
599 2813 703 2884 tenax,
724 2827 851 2884 venenu,
965 2852 968 2861 ·

265 2948 298 3005 st
317 2960 436 3006 meeum
455 2940 533 3006 bene
552 2938 710 3006 habeberis
729 2940 901 3023 probeque3

265 3094 326 3137 non
346 3079 420 3138 sunt
439 3072 563 3154 auguris
583 3071 617 3136 hi
636 3071 733 3151 leres3
762 3072 899 3137 vocantis

265 3203 372 3286 hospes
392 3203 434 3270 sis
454 3224 540 3270 meus
560 3204 739 3285 insulaeque
759 3202 883 3269 Vectis:

265 3359 325 3418 qus
344 3336 428 3402 fumo
449 3344 482 3402 et
502 3337 632 3420 strepitu
652 3343 788 3403 remotus
808 3334 892 3401 urbis

263 3468 355 3533 miror
374 3488 481 3551 vesper
500 3474 539 3532 ut
557 3467 695 3534 incidens
716 3475 823 3550 opoeet

264 3601 360 3666 curati
380 3600 469 3683 qnasi
489 3601 683 3684 neglegenter
702 3600 785 3666 horti

265 3734 342 3802 celso
363 3735 522 3819 eontiguos
542 3735 614 3818 iugo
634 3755 777 3801 recessus.
