2708 4230
275 1096 382 1164 HEU!
417 1097 521 1164 SERO
549 1096 801 1164 REVOOA'PUR
829 1098 961 1165 AMOR.

114 1388 252 1469 Dixerat,
272 1391 325 1458 ille
344 1401 449 1458 autem
469 1393 582 1459 obtutu
602 1393 721 1460 defixus
741 1392 890 1469 inhaeret,

114 1548 190 1594 veee
209 1548 324 1606 earens,
345 1529 462 1612 gemitu
483 1551 575 1611 quam
596 1550 668 1593 mex
687 1527 733 1592 ita
752 1526 869 1609 rumpit
888 1532 1022 1591 acuto-

116 1670 183 1735 ‘en,
203 1680 288 1740 puer,
310 1680 349 1726 en
369 1660 522 1742 patrem!'
550 1681 606 1726 nee
627 1659 716 1742 plura
735 1658 858 1726 valebat
878 1658 1033 1725 anhelans.

114 1784 261 1851 continue
282 1792 356 1853 ante
375 1787 479 1852 oculos
499 1787 623 1869 nigrans
643 1786 727 1852 subit
747 1786 863 1863 umbra,
885 1793 1057 1868 natantque

115 1913 242 1994 lumina,
263 1916 455 1999 labentisque
475 1939 581 2001 graves
600 1917 713 1984 humus
733 1918 849 2000 exeipit
868 1926 963 1983 artus.

152 2046 236 2113 Huie
256 2047 345 2114 tardo
366 2048 512 2131 adrepens
532 2072 637 2133 gressu
658 2072 723 2116 sese
744 2051 832 2116 inieit
852 2050 939 2128 alter,

116 2178 232 2261 datque
251 2179 341 2245 ulnas
362 2179 439 2245 eollo
459 2181 581 2259 circum,
603 2181 660 2246 dat
679 2189 711 2247 et
732 2181 835 2247 oseula
854 2181 956 2259 labris,

116 2317 149 2377 et
168 2309 316 2376 tremulos
336 2309 465 2377 adhibet
484 2311 607 2393 digitos,
628 2319 776 2393 tactuque
796 2319 932 2393 pererrat

73 2532 77 2539 1
117 2461 170 2506 ura
188 2441 295 2523 patris,
316 2441 400 2507 vitae
421 2441 447 2506 si
467 2442 545 2509 forte
564 2442 728 2508 resuscitet
747 2464 874 2508 auram:

117 2570 170 2637 olli
190 2573 256 2637 vita
275 2572 373 2639 redux
392 2573 517 2653 aderat3
546 2581 614 2640 tum
635 2575 739 2641 elausa
759 2574 912 2641 resolvens

115 2702 242 2781 lumina,
263 2726 393 2787 querum
413 2707 494 2772 aeies
514 2706 634 2772 subitus
654 2715 741 2773 tenet
761 2706 867 2772 horror
886 2713 1016 2789 apertas,

113 2843 239 2919 prensat
258 2843 390 2919 utraque
409 2859 512 2915 manu,
534 2859 614 2919 quae
633 2837 702 2902 fusa
721 2845 769 2904 est
789 2845 921 2920 propter,
943 2859 1076 2914 arenam,
1105 2892 1107 2897 .

115 2967 289 3050 iniectaque
310 2976 404 3052 eaput
425 2969 529 3036 foedat
549 2970 735 3051 barbamque
757 2990 927 3052 comasque,
957 3049 962 3072 Ι

115 3079 172 3168 nee
196 3103 293 3169 erines
316 3111 441 3168 tantum
466 3104 574 3171 sedet
597 3126 631 3169 os
652 3103 874 3186 rutilantiaque
898 3127 990 3171 arma.

115 3234 223 3318 ingens
245 3235 364 3302 interea
386 3235 518 3318 gemitus
541 3235 644 3319 quatit
665 3235 727 3312 ilia,
753 3235 837 3301 veeis

117 3369 256 3454 singultu
280 3370 442 3436 cohibente
462 3370 565 3435 viam:
592 3392 664 3436 mox
686 3370 794 3453 arripit
811 3391 923 3448 ensem,

118 3524 180 3584 quo
204 3501 311 3567 stricto
335 3502 428 3568 semel
450 3503 514 3585 ipse
537 3510 632 3585 queat
655 3524 688 3568 se
708 3502 863 3569 exsolvere
886 3503 971 3568 vita:

118 3654 176 3701 nee
199 3633 277 3700 latet
299 3633 466 3715 inceptum,
490 3634 575 3700 videt
599 3634 826 3717 instantemque
847 3640 983 3701 retentat

116 3764 211 3846 silius,
236 3774 269 3833 et
292 3765 383 3833 dietis
406 3765 543 3833 muleens
566 3767 612 3831 ita
633 3767 753 3833 lenibus
776 3767 855 3833 infit.

199 3908 228 3952 r.
