2730 4236
507 649 719 717 IUVENTAS
747 650 900 716 MUNDI.

238 984 385 1067 Tempore
406 1006 467 1067 quo
488 983 596 1049 mundi
620 983 757 1049 nondum
778 990 828 1049 est
852 990 961 1049 exacta
982 983 1135 1062 iuventas,

280 1139 350 1182 eum
373 1122 479 1183 tenero
502 1136 624 1182 consors
648 1114 713 1180 ibat
733 1115 846 1181 Amore
870 1114 968 1180 loeus.

239 1247 376 1331 undique
400 1246 521 1314 ridebat
541 1253 708 1330 tempestas
730 1267 822 1312 aurea
846 1245 931 1325 caeli,

280 1388 482 1464 suseeptuque
505 1379 572 1463 lyra
593 1400 714 1446 carmen
737 1377 837 1443 inibat
860 1379 975 1457 Am0r3

240 1536 296 1582 nee
318 1537 404 1582 mora
427 1515 503 1598 quin
524 1535 626 1597 presso
650 1512 755 1579 veniat
778 1512 969 1595 querimonia
990 1519 1125 1578 eantu—

282 1647 409 1731 ‘eequid
431 1647 492 1714 erit
510 1648 577 1713 vita
600 1646 760 1713 deficiente
783 1644 913 1728 euperl'

239 1787 309 1844 tum
332 1779 430 1858 loeus,
455 1779 612 1862 experiens
635 1777 745 1843 melius
768 1774 844 1859 quid
868 1775 966 1858 possit
990 1776 1111 1850 Amore,

280 1908 431 1975 laetitiam
451 1917 593 1992 exempto
614 1909 675 1974 fine
697 1908 837 1990 salesque
860 1907 963 1985 eanit;

240 2037 290 2102 eui
313 2044 418 2105 tamen
441 2039 558 2106 infabre
580 2038 702 2106 ludenti
725 2038 809 2103 haud
834 2037 957 2104 destitit
979 2037 1054 2104 eeho

280 2171 406 2237 reddere
429 2169 582 2253 lugubres,
608 2190 663 2235 eeu
688 2169 832 2244 cruciata,
858 2190 967 2235 sonos:

240 2301 391 2384 quidquid
414 2300 496 2368 enim
521 2301 640 2378 cecinit,
665 2301 785 2383 gravior
809 2323 868 2367 vox
889 2299 944 2366 illa
968 2300 1131 2366 subibat-

283 2435 410 2517 ‘eequid
433 2435 493 2501 erit
516 2435 582 2499 vita
605 2433 767 2500 deficiente
791 2434 918 2517 superl'

241 2586 312 2648 ergo
332 2566 365 2630 in
385 2574 566 2648 perpetuum
586 2566 726 2648 disrupta
746 2571 795 2631 est
814 2572 951 2648 tempore
970 2564 1009 2629 ab
1030 2563 1083 2628 illo

283 2696 400 2779 popula,
423 2717 554 2779 eumque
578 2696 649 2761 loeo
672 2696 774 2762 vivere
797 2692 896 2760 nescit
919 2694 1034 2759 Amor:

244 2826 355 2909 quippe
378 2849 483 2895 reeens
507 2850 628 2911 quoquo
652 2827 811 2910 splendore
834 2824 974 2892 renideat
994 2831 1103 2900 aestas,

282 2961 398 3043 exeipit
421 2968 568 3027 aestatem
591 2959 705 3042 pallida
729 2980 846 3042 semper
868 2957 1005 3040 hiemps:

242 3091 414 3174 degendum
434 3100 482 3159 est
505 3090 632 3175 posthae
656 3089 808 3172 singultus
832 3089 913 3155 inter
936 3087 1061 3166 Amori3

283 3223 391 3287 mundi
414 3222 566 3305 primitiae
590 3221 747 3288 detinuere
773 3220 885 3286 Iocum.
