2708 4230
592 105 634 169 99

184 268 247 333 ‘die
261 271 448 352 petes-en,
464 271 576 337 iserum
594 270 694 334 mistis
712 291 802 352 super
822 289 955 351 aequore
967 285 1113 333 vocem-

223 387 341 449 ‘nonne
362 392 411 449 sut
429 386 500 451 est?
526 383 620 449 etiam
640 405 722 448 nune
743 381 853 448 ebiisse
872 377 996 447 veiori'

183 497 270 562 irrite
290 500 381 564 verbe
401 499 518 565 eadunt
528 523 536 579 ;
564 498 749 582 respondent
767 497 878 562 mertia
898 502 1020 561 tentum

222 611 359 690 fulmina,
383 636 439 679 nee
459 613 556 696 parcit
576 613 698 678 flamma
718 631 823 676 verere
843 609 951 675 trabes.

182 727 304 809 iamque
325 730 565 812 supermontem
586 751 680 811 vapor
699 729 806 811 igneus
826 727 871 792 ire
890 724 1013 791 videtur
1023 747 1031 803 ;

224 865 277 925 per
297 845 375 911 colla
395 846 510 912 effusae
529 846 591 910 iam
611 853 736 929 tepuere
756 864 879 921 comae3

184 957 267 1023 haud
287 960 390 1025 minus
409 961 443 1025 in
463 961 595 1026 statione
615 968 726 1039 manet,
749 983 811 1042 que
831 959 914 1026 solus
933 966 967 1027 et
986 978 1101 1041 exspes,

223 1096 278 1140 nee
299 1083 404 1142 tamen
425 1076 558 1140 attonito
579 1075 725 1158 prospicit
745 1097 796 1141 ore
816 1096 929 1153 necem,

183 1193 216 1252 et
235 1209 346 1270 magns
365 1189 511 1254 inclamet
531 1209 703 1272 supremum
723 1209 797 1254 voee
816 1188 977 1271 perenti-

227 1303 335 1382 ‘visnu
357 1311 452 1386 peter,
474 1306 636 1370 maneum?
676 1310 794 1370 stemne
813 1326 854 1368 an
874 1302 957 1369 abire
978 1300 1082 1367 sinisi'

184 1418 267 1484 haud
288 1442 381 1496 mers,
402 1420 557 1488 tortilibus
575 1442 631 1503 per
650 1419 718 1485 vela
737 1428 771 1486 et
790 1419 912 1485 vincula
931 1419 1063 1484 flammis

225 1535 263 1600 fit
282 1536 333 1599 via
344 1559 352 1615 ;
380 1536 572 1600 flemmarum
592 1534 720 1616 suspicit
738 1533 791 1601 ille
811 1535 912 1599 viem:

185 1651 347 1717 involvunt
367 1658 467 1716 tetam
487 1650 563 1716 miro
584 1649 743 1732 splendore
763 1649 896 1716 carinam
907 1672 915 1729 ;

226 1765 291 1847 ipse
310 1764 420 1845 flagret
440 1763 513 1827 muli
533 1764 620 1846 signs
639 1763 772 1846 gerentis
792 1785 889 1846 spex;

185 1878 274 1961 ignea
293 1878 438 1941 nimirum
457 1898 553 1960 puero
573 1878 686 1944 vexilla
705 1885 829 1961 putares

225 1993 259 2056 in
278 1992 417 2058 nimbum
437 1992 590 2059 undantes
610 1992 790 2077 explicuisse
810 1992 902 2058 sinus.

185 2116 253 2174 tum
274 2109 376 2174 subite
396 2109 427 2173 vi
448 2131 560 2191 quassa
579 2110 673 2190 ratis3
703 2109 803 2192 fragor
822 2109 945 2174 intonat
964 2108 1090 2191 ingens:

226 2248 252 2304 s,
274 2225 400 2290 ubinam
420 2234 477 2305 est,
499 2227 612 2292 meruit
632 2227 685 2309 qui
705 2226 838 2306 meliors,
860 2229 958 2309 puer?

185 2360 239 2405 vos
259 2340 332 2405 dete
351 2362 536 2423 responsum,
558 2341 651 2417 venti,
673 2341 727 2423 qui
747 2341 838 2425 pines
857 2340 944 2407 fertis

225 2455 321 2538 tigne,
342 2456 507 2538 procelloso
528 2455 697 2522 disiciends
716 2453 811 2519 meri!

185 2593 254 2636 eum
275 2571 360 2636 elevo
380 2571 514 2653 malique
533 2578 644 2636 natent
664 2578 696 2636 et
715 2569 864 2653 aplustria
883 2569 1018 2653 pulchra,

226 2686 373 2750 iacturum
394 2685 524 2752 eximiae
543 2686 710 2752 testificata
728 2687 823 2766 ratis3

184 2800 332 2865 nobiliora
351 2807 462 2879 tamen,
486 2823 573 2867 essue
593 2824 672 2884 quae
691 2802 827 2884 perdidit
846 2803 936 2880 idem,

224 2935 276 2978 eor
295 2914 382 2996 pueri
401 2913 590 2996 impavidum
610 2936 666 2981 nee
686 2914 801 2980 violate
821 2915 905 2981 fides.
